2616 4462
20 180 77 249 l'
181 236 257 335 630
412 163 1036 307 attraeucoanrna.

181 350 375 428 advenienti
398 348 526 430 Caesari
548 370 801 435 occurrerunt,
826 349 927 448 seque
942 347 974 421 ei
997 347 1222 428 dediderunt.

133 463 162 563 '4
185 446 301 526 Caesar
316 452 352 522 in
370 447 475 522 fidem
490 470 643 548 receptos
658 448 869 533 consolatus,
894 471 952 545 pet
973 446 1122 521 hostium
1141 476 1224 524 mu·

184 546 331 622 nitiones
350 545 491 621 insuam
507 569 637 647 partem
656 547 776 643 oppidi
786 569 908 646 magna
919 545 1149 643 gratulatione
1165 573 1225 626 ve,

183 647 236 720 nit
253 643 415 736 suorum,
438 645 499 745 qui
517 669 587 720 non
602 665 738 719 tantum
753 643 886 718 bellum
904 641 1016 740 ipsum
1032 667 1071 716 ac
1083 645 1225 718 dimica·

183 742 315 817 'tionem
335 799 346 833 ‚
372 742 427 820 sed
443 743 547 820 etiarn
565 741 667 817 talem
681 744 870 816 adventum
888 742 961 840 ejus
974 735 1109 815 felicem
1125 741 1226 817 fuisse

183 840 399 914 Iaetabantur.
466 875 470 884 ·

141 964 157 1016 1
232 937 417 1018 XXXIII.
441 936 558 1014 Caesar
572 937 652 1038 AEg
679 956 855 1041 proatque
871 932 1080 1012 Alexandria
1116 933 1224 1011 otitus

184 1058 283 1135 reges
300 1035 480 1109 constituit
499 1093 510 1125 ‚
535 1059 623 1134 quos
642 960 852 1109 deotemaeus
867 1032 1071 1109 testamento
1086 962 1227 1131 Idripse-

184 1153 258 1224 rat,
282 1152 385 1231 atque
401 1132 589 1207 obtestatur
604 1153 675 1207 erat
686 1131 857 1230 populum
873 1131 1043 1223 Romne
1053 1154 1228 1223 mutaren-

136 1251 163 1309 ι
186 1248 262 1305 tur.-
287 1254 364 1302 nam
376 1231 505 1330 majore
520 1229 711 1304 exduobus
725 1231 838 1328 pueris
853 1249 935 1332 rege
952 1231 1089 1319 amillb,
1112 1229 1228 1303 mino·

186 1327 216 1401 ri
231 1326 408 1402 transdidit
420 1351 589 1428 regnum,
613 1327 855 1427 majorIqueex
870 1327 1002 1402 duabus
1020 1327 1100 1402 filiis
1115 1327 1228 1401 Cleo·

138 1440 163 1525 3
187 1446 316 1522 patrae,
365 1446 419 1500 uae
428 1423 595 1503 manserat
612 1424 648 1497 in
662 1424 733 1498 fide
745 1423 976 1522 praefidiisque
991 1425 1083 1524 ejus:
1110 1425 1227 1497 mino·

185 1545 260 1594 reru
280 1449 473 1613 arduom,
497 1523 596 1621 cujus
615 1522 756 1601 nomine
771 1521 832 1595 diu
847 1521 998 1622 regnasse
1015 1524 1228 1621 impotenter

184 1617 418 1718 Ganymeden
440 1619 649 1704 docuimus,
677 1638 688 1674 1
709 1619 877 1693 deducere
898 1644 943 1693 ex
959 1643 1069 1719 regno
1085 1618 1226 1705 statuit,

185 1739 232 1788 ne
248 1740 317 1813 qua
332 1716 447 1791 rursus
464 1742 553 1792 nova
565 1715 743 1803 dissensio,
768 1718 980 1815 priusquam
999 1717 1228 1790 diuturnitate

186 1829 204 1874 ἱ
222 1813 510 1890 confirmarentur
527 1815 617 1914 regis
627 1814 783 1914 imperia,
804 1840 864 1913 per
880 1813 1036 1888 homines
1051 1812 1228 1888 seditiosos

140 1924 168 2010 4
190 1911 393 1986 nasceretur.
420 1912 580 2013 Legione
596 1934 752 2001 veterana
769 1936 812 1986 vt
832 1909 946 1985 secrnn
964 1909 1116 1987 deduela
1135 1969 1147 2004 ,
1169 1936 1229 1992 ce·

94 2087 96 2091 ⁴
190 2010 277 2082 teras
292 2008 340 2092 ibi
356 2008 541 2119 relinquit3
564 2034 638 2109 quo
654 2009 789 2083 firmius
798 2007 880 2082 ellet
891 2034 1012 2083 eorum
1026 2033 1147 2108 regunt
1159 2008 1227 2082 im·

187 2107 324 2206 perium
346 2132 354 2180 t
380 2131 441 2205 qur
459 2131 572 2205 neque
587 2131 738 2181 amorem
756 2104 896 2179 suorum
915 2107 1037 2180 habere
1048 2128 1227 2204 poterant,

189 2205 289 2303 quod
298 2203 448 2278 fideliter
463 2202 712 2302 permanserant
721 2202 757 2275 in
772 2202 915 2276 Caesaris
930 2204 1094 2289 amicitia,
1115 2230 1229 2302 neque¹

189 2300 369 2378 vetustatis
385 2301 626 2377 auetoritatem
645 2358 656 2388 ,
681 2301 797 2399 paucis
812 2299 932 2374 dicbus
951 2324 1046 2400 reges
1059 2303 1228 2376 constitu-

142 2410 166 2491 5
191 2397 245 2471 ti:
273 2395 374 2473 srmul
398 2398 439 2471 ad
464 2398 597 2495 imperii
614 2398 720 2472 nostri
745 2399 947 2498 dignitatem
972 2398 1229 2496 utilitatemque

190 2492 366 2592 publicam
381 2495 551 2590 pertinere
567 2496 802 2577 existimabat,
821 2495 845 2566 fi
861 2516 1100 2592 permanerent
1113 2498 1229 2574 infide

131 2618 133 2622 ’
192 2613 310 2690 reges,
334 2590 496 2688 praefidiu
510 2618 567 2667 eos
578 2593 701 2665 nostris
714 2592 780 2665 elI'e
794 2613 905 2678 tutos,
921 2594 958 2666 ὃ(
978 2593 1060 2678 hos,
1084 2594 1230 2671 srell'ent
1303 2685 1306 2689 ⁸

144 2681 171 2762 6
193 2686 341 2798 ingrati,
364 2689 458 2789 polle
474 2688 591 2764 iisdem
607 2688 768 2788 praefidiis
782 2690 944 2765 coerceri.
972 2709 984 2750 ³
1003 2692 1061 2767 Sic
1076 2692 1177 2766 rebus
1190 2720 1231 2803 o-

1140 2815 1232 2864 mnt-

228 2902 254 2972 i.
272 2923 382 2970 Deducere
404 2938 430 2969 ex
448 2938 508 2985 regno
522 2921 618 2983 statuit]
635 2927 700 2980 Earn
730 2938 817 2991 regum
831 2921 944 2988 imperium
963 2943 972 2983 3
995 2925 1056 2975 licet
1072 2923 1143 2976 editt.
1159 2926 1227 2983 Rom,

193 2987 282 3063 postea
303 2989 331 3036 in
353 2986 482 3060 triumpho
506 2993 594 3045 Roma
619 2988 700 3039 duxit.
733 2995 783 3040 Ven.
802 2993 901 3047 Beroald,
926 2988 963 3039 ibi
981 3001 1095 3054 corrupte
1116 2982 1228 3060 habeant

193 3055 292 3104 Austot
314 3057 358 3101 Dia
386 3053 431 3105 Iib.
459 3069 531 3104 uult.
559 3069 618 3127 pag.
638 3072 697 3114 223.
729 3074 803 3104 aarum
818 3057 940 3122 regnum&
954 3059 1082 3119 imperitam,
1099 3065 1230 3116 qurppee-

175 3152 177 3157 -
195 3123 291 3178 ciaccon,
729 3121 851 3173 ditoribus
868 3122 959 3178 latuit,
976 3127 1043 3186 Reges
1061 3116 1092 3172 de
1108 3123 1179 3182 Rege
1200 3121 1228 3177 δε

230 3201 255 3234 2.
269 3180 456 3243 Ponfirmarenrur
472 3191 526 3252 regis
538 3187 650 3251 imperia]
667 3191 696 3242 In
727 3190 815 3256 regina
822 3183 890 3254 posse
905 3181 1024 3258 usurpare
1040 3189 1151 3233 lterum:
1168 3189 1230 3231 Pau-

194 3253 271 3308 MSto
299 3255 390 3302 Norvr'c.
416 3255 442 3307 &
456 3253 517 3304 edit.
540 3253 639 3301 Beroasd.
662 3250 697 3300 est
727 3259 757 3302 cis
779 3257 849 3302 diebus
876 3267 931 3312 reges
948 3249 1063 3310 constituri,
1097 3251 1166 3311 Cesar
1181 3248 1228 3302 Iib.

195 3315 438 3385 conflrmarnungis
453 3322 572 3383 imperium.
589 3316 635 3367 Sed
648 3317 697 3372 hoc
730 3322 1038 3379 111.u,c.cap.cv11.
1068 3322 1159 3365 Interim
1178 3336 1229 3364 corr-⁴

194 3395 286 3448 parum
302 3380 386 3436 refert.
404 3383 471 3433 lllud
487 3382 646 3449 quarendum
658 3379 697 3431 su·
725 3385 840 3442 troverfiar
854 3388 956 3447 Regum
971 3384 1001 3430 ad
1017 3388 1045 3432 P.
1061 3389 1093 3452 R
1110 3384 1137 3435 dr
1153 3384 1183 3429 ad
1186 3385 1230 3447 se,

194 3446 275 3523 petest
291 3481 298 3505 ,
315 3448 445 3513 quomodo
460 3456 524 3518 R‘g-Is
542 3449 636 3499 diceret
653 3451 696 3495 im-
726 3453 784 3514 quod
800 3448 849 3509 effer
867 3448 957 3506 consul,
971 3451 1075 3510 pertinere
1094 3449 1227 3509 exrstr'mans.

191 3517 254 3578 peria
270 3547 278 3570 ‚
295 3530 352 3564 eum
367 3516 467 3590 {egypti
481 3531 587 3582 regnum
602 3515 696 3589 minori
727 3514 790 3569 vide
807 3510 953 3577 &ejusdem
969 3512 1027 3573 libri
1036 3529 1091 3590 cap.
1101 3531 1159 3572 erre.
1175 3520 1230 3562 Da.

88 3626 92 3630 .
194 3581 325 3632 Ptolemaei
339 3578 395 3650 filio
413 3583 439 3634 δι
457 3582 599 3652 Cleopatra
616 3578 695 3629 tradr-
726 3584 782 3632 vies.

194 3644 269 3703 derlr,
286 3649 400 3703 omniuo
414 3644 571 3705 scribendum
584 3643 697 3696 credide·
760 3664 783 3705 3.
801 3649 906 3703 Sicrcbru
919 3647 1230 3711 omnibusconftssisdcrllo-
1276 3688 1277 3695 ,

194 3710 244 3769 Ilm
258 3714 434 3773 confirmarentur
449 3731 523 3777 regum
538 3712 645 3777 imperta,
659 3710 697 3764 Sic
726 3718 796 3773 ratri,
811 3715 854 3781 apsa
863 3715 1055 3778 itinereterrgrsrr]
1073 3715 1229 3771 manarate.

193 3780 282 3857 paullo
299 3777 373 3856 pulla
388 3780 543 3858 Qantara
559 3776 702 3894 ellestram³
726 3778 763 3840 Sir
778 3783 838 3842 rrlrrr
853 3774 949 3843 anulus
962 3782 1061 3859 confina
1079 3782 1106 3843 sa
1124 3781 1235 3917 ‘Idm
