2616 4462
234 288 294 341 nn
316 265 481 339 Banno
504 262 670 341 Crvinr
694 265 796 339 Lrn.
818 267 849 343 1.
1006 288 1093 371 407·
1135 258 1138 265 ⁴

55 382 189 458 cituseo
198 381 481 481 deportaverant,
500 381 720 476 Brundisium
730 398 963 456 revertuntur.
975 382 1082 459 Pom·
1107 398 1133 463 2'

54 482 179 580 pejus,
215 481 283 552 five
308 479 471 577 operibus
495 479 639 587 Caesaris
654 500 862 577 permotus,
894 478 964 552 sive
982 482 1082 558 etiarn

49 580 152 676 qnod
176 579 218 649 ab
243 578 345 649 initio
370 577 462 648 ltalia
480 578 642 650 excedere
659 577 910 667 constituerat,
932 579 1084 654 adventu

53 679 197 748 navium
211 672 460 773 professionem
484 698 599 770 parare
615 675 753 769 incipit:
780 676 840 764 δι,
866 698 938 770 quo
956 674 1086 749 facilius
1110 697 1135 782 3

51 771 227 870 impetum
245 768 387 844 Caesaris
401 771 564 861 tardaret,
589 796 631 844 ne
644 771 785 867 subipsa
797 769 1010 868 profestione
1021 773 1088 844 mi·

51 862 129 942 lites
140 869 315 966 oppidum
330 869 555 967 irrumperent
566 926 577 960 ,
588 890 701 966 portas
716 867 881 951 obstruit,
907 867 1003 941 vicos
1014 869 1090 969 pla·

53 967 197 1063 tuasque
215 963 413 1055 rnaedrficnt,
438 966 535 1040 foss'as
546 966 744 1040 transversas
759 965 1021 1062 viispraeducit‚
1036 987 1089 1042 at-

55 1086 130 1159 que
149 1063 198 1133 ibi
221 1062 330 1152 sudes,
354 1062 549 1161 stipitesque
566 1083 754 1160 praeacutos
770 1065 905 1163 defigit.
931 1063 1023 1137 Haec
1040 1064 1086 1136 le·
1110 1086 1137 1166 4

14 1174 17 1186 ·
56 1160 169 1230 vibus
185 1161 346 1247 cratibus,
370 1181 528 1258 terraque
543 1162 703 1259 inaeqnat.
728 1161 839 1234 aditus
854 1181 967 1232 autem
983 1183 1089 1259 atque

61 1254 267 1343 itineraduo‚
278 1281 358 1355 quae
373 1280 468 1330 extra
478 1259 664 1331 murumad
674 1279 814 1356 portum
825 1257 999 1349 ferebant,
1017 1284 1091 1332 tna·

62 1353 165 1425 rrimi's
177 1353 297 1427 defixis
314 1355 468 1426 trabibus
486 1413 497 1442 ‚
521 1378 624 1454 atque
639 1357 686 1430 eis
701 1354 899 1452 praeacutis,
915 1356 1086 1454 praesepit.

61 1449 131 1521 His
148 1452 266 1547 paratis
281 1451 384 1523 rebus
404 1508 413 1540 ,
437 1453 566 1526 milites·
583 1451 716 1525 silentio
732 1477 832 1524 naves
857 1452 1085 1529 conscendere
1109 1461 1136 1544 5
1172 1525 1182 1541 ,

53 1546 174 1644 jubet3
199 1565 210 1600 ¹
230 1551 409 1644 expeditos
423 1570 536 1622 autern
554 1576 598 1626 ex
615 1550 763 1625 evocatis
781 1549 956 1648 sagittariis
972 1550 1090 1642 fundi.

57 1644 260 1744 toribusqne
277 1701 290 1736 ,
314 1669 406 1718 raros
422 1647 457 1718 in
473 1672 573 1721 muro
592 1646 810 1746 turribusque
825 1645 984 1744 disponit.
1010 1649 1091 1722 Hos

994 1766 1091 1834 certo

96 1889 119 1926 1.
139 1877 252 1939 Expeditae
268 1890 342 1925 autem
357 1894 383 1924 ott
395 1875 562 1936 evocatirfogit-
593 1869 623 1923 de
641 1875 758 1925 Domitio
776 1892 782 1923 t
799 1880 901 1929 militibus
916 1884 939 1928 in
953 1881 1049 1927 concione
1063 1894 1092 1933 ας

58 1944 150 2001 tortis]
166 1946 276 1991 Evocati
293 1977 302 2000 ‚
319 1957 345 1991 ut
360 1955 447 1992 notum
465 1977 473 1999 ,
490 1950 561 1989 etant
588 1957 638 2003 gros
647 1959 674 1987 ex
687 1942 1094 2011 fuispoffiffionibuspo'llicetur{qua-

59 2008 157 2056 milites
175 2008 220 2070 qui
235 2007 358 2071 perfundi
375 2011 425 2069 jam
445 2003 562 2056 omnibus
591 2021 652 2054 terno
674 2009 697 2052 io
708 2009 801 2070 strigilis
818 2014 921 2073 jugero,
945 2013 971 2064 lo
985 2023 1025 2072 pro
1042 2021 1094 2056 rota

58 2071 193 2139 stipendiis
224 2072 389 2124 enotabantur
415 2075 562 2140 plerumque
588 2077 959 2141 porroceotmionibosevitatisque.
977 2074 1094 2134 Coniun-

59 2154 114 2188 non
129 2137 258 2202 imperio,
273 2135 315 2188 sed
328 2155 356 2189 ro
376 2142 461 2188 atione
471 2139 562 2204 magis.
592 2139 630 2205 git
646 2141 804 2188 centuriones
817 2139 985 2207 evocatosque
1002 2175 1010 2198 ,
1026 2136 1095 2189 unde

60 2207 128 2254 Hinc
141 2201 292 2262 beneficiariis
302 2208 343 2255 Cae
357 2219 398 2254 are
415 2204 458 2255 lib.
470 2201 564 2253 xinde
591 2203 747 2254 tandnndem
770 2207 801 2253 iis
817 2205 962 2271 promissum
986 2206 1095 2256 videtur.

60 2272 136 2318 Bello
147 2270 218 2317 civili
231 2285 285 2335 cap.
302 2287 437 2322 cxxxiii.
449 2271 563 2319 dicuntur
594 2273 761 2338 Centuriones
776 2285 859 2321 autem
877 2271 981 2340 duplum
999 2271 1095 2323 habue-

61 2336 180 2384 evocari:
199 2336 472 2401 aitenimtevocotorum
482 2340 564 2383 circiter
595 2351 636 2384 re:
652 2338 754 2385 Livius:
765 2334 894 2401 ‘Sapidedir
910 2342 1012 2389 militibus
1028 2342 1097 2386 dmo-

62 2404 110 2448 duo
120 2404 206 2457 millia,
222 2418 268 2466 quo
282 2421 308 2449 eor
323 2403 459 2464 beneficiariis
467 2404 566 2464 superio·
596 2405 655 2458 rios,
673 2404 717 2454 dir.
734 2403 810 2466 duplet
828 2411 960 2463 centurioni,
977 2409 1056 2469 triplex
1071 2422 1095 2450 t-

63 2483 118 2515 rum
134 2470 297 2516 exercituumod
305 2483 511 2516 eumconvtnttont.
532 2470 564 2513 F.-
595 2473 657 2532 qur'tt'.
693 2467 739 2517 Sed
754 2468 871 2532 quod'in
889 2470 976 2538 glossis
994 2470 1095 2521 evocati

64 2543 128 2606 1⁴:11.st
141 2531 160 2577 li
173 2528 232 2608 (ΖΒΕ
248 2537 406 2584 ΕΕῙῚωῙῙΟΠΕθ
423 2569 430 2591 ‚
447 2529 565 2608 hoc-est,
593 2559 752 2611 exponuntur
765 2543 1000 2613 uffiaepxuaccipepe
1008 2545 1096 2614 poffig,

64 2613 111 2662 qm
122 2610 295 2672 centurionem
308 2599 405 2657 sunni,
422 2602 462 2649 ver
471 2612 566 2665 pomo-
595 2624 621 2658 ut
639 2617 721 2659 evrini
736 2609 802 2668 sint,
812 2627 876 2677 quos
884 2617 1004 2662 orations
1019 2620 1097 2663 vocar

63 2679 103 2713 res
120 2661 226 2711 ordines
241 2664 376 2715 duxerant:
394 2664 494 2742 sednon
503 2662 566 2712 sem·
596 2678 714 2744 negatus
733 2711 740 2734 ‚
756 2675 806 2726 five
822 2681 865 2743 qui
881 2680 908 2728 jn
924 2681 1012 2746 pflmtg
1026 2678 1096 2728 ordi.

10 2793 13 2798 ⁷
63 2745 130 2794 Pe13
148 2731 380 2798 flam&grtgati⁰s
396 2733 491 2807 mllltues
506 2745 565 2778 ἔνθ·
597 2742 667 2791 nibus
699 2757 833 2809 ugnnvere.
847 2750 886 2793 Re
904 2745 954 2812 ipsa
971 2746 1040 2793 enim
1056 2743 1097 2791 di-

10 2819 13 2828 ·
60 2809 135 2845 utos
153 2792 565 2862 d0ctsslh20Vt1b22q1¹¹b¹¹⁵fi²·
596 2807 656 2858 versi
672 2758 742 2866 siint,
760 2806 1099 2875 sedidemutrisquehonor,

59 2865 164 2926 sitim&
172 2875 271 2922 ,mmm
284 2878 419 2930 nuncupat.
434 2868 464 2912 1¹1
474 2860 567 2911 Gl⁰ffi⁵
598 2888 625 2922 ut
645 2878 672 2923 in
681 2877 763 2940 primo
779 2876 868 2924 ordine
883 2877 985 2926 starent.
1005 2876 1099 2931 ,Tales

61 2951 126 2988 vett.
147 2942 262 2985 Evocatus
276 2932 411 3002 vatium&
426 2940 566 3003 exponitur.
600 2938 713 3007 designat
733 2943 846 3004 Capitol.
875 2943 903 2991 in
928 2942 1098 2990 Maximino:

61 3002 140 3069 Qrod
156 3019 210 3052 non
225 3000 323 3068 semper
330 3019 435 3061 rerum
450 3019 570 3054 namnon
601 3010 686 3054 Hicdiu
695 3009 737 3068 sul
753 3011 865 3054 farmalio
873 3009 954 3054 ordines
963 3009 1041 3063 duxit,
1051 3026 1114 3071 cen-p

64 3083 157 3118 omnes
170 3069 291 3128 ordinum
306 3069 420 3119 dusiores
434 3069 532 3119 suerunt
544 3085 569 3118 e·
599 3077 772 3136 turianorusegir.
792 3078 831 3120 En
845 3070 892 3121 tibi
900 3072 1001 3122 ordines
1010 3072 1100 3123 ducere

64 3137 158 3186 iocati.
177 3134 253 3184 Unde
269 3133 352 3184 caesar
366 3136 441 3185 initio
450 3135 522 3198 liujus
538 3136 569 3185 li·
599 3140 681 3186 minus
695 3137 729 3186 est
747 3141 921 3187 centurionum
935 3157 943 3197 ς
960 3155 1034 3206 quem
1051 3139 1100 3189 ho-

67 3197 104 3249 bri
111 3201 167 3249 ait:
182 3204 250 3249 multi
257 3204 351 3266 undique
358 3219 384 3248 ex
391 3205 496 3252 veteribus
504 3208 570 3250 Pom·
601 3219 690 3252 norem
714 3204 826 3252 evocatis
843 3202 964 3256 tributum
981 3204 1098 3257 arbitror.

70 3269 109 3326 piji
117 3269 243 3315 exercitibus
257 3268 297 3333 [pt
306 3273 444 3332 premiorum
458 3282 570 3333 atqutor·
601 3270 706 3333 Alioqui
721 3267 780 3319 istos
796 3304 804 3327 ‚
819 3284 882 3335 quos
897 3276 1099 3321 ordinariosvocat
1171 3287 1175 3295 '

73 3331 144 3378 linum
159 3346 285 3381 evocantur.
316 3334 427 3384 Attende
445 3334 478 3384 ad
495 3331 571 3383 verba
599 3337 782 3402 vegetius,non
790 3338 858 3386 male
866 3353 977 3404 exponas
986 3338 1013 3388 id
1020 3353 1101 3403 genus

70 3393 112 3457 ,spe
126 3404 258 3457 premiorum
274 3411 339 3463 atque
355 3402 463 3451 ordinum.
481 3401 570 3466 Dupli·
598 3403 715 3451 homines
731 3436 739 3460 ,
756 3404 798 3516 aui
812 3404 925 3453 minores
941 3405 1042 3455 ordines
1055 3404 1101 3454 du·

68 3471 121 3508 ces
138 3463 249 3514 nimnum
266 3479 385 3515 evocatos
402 3463 464 3515 facit
480 3501 487 3526 ‚
505 3468 570 3516 alios
600 3482 673 3518 cunt:
684 3467 755 3517 hoce
784 3503 791 3526 ‚
805 3467 894 3519 decani
902 3472 1101 3536 manipulorum

49 3590 53 3596 ,
69 3531 121 3600 spe
130 3535 239 3590 ordinum
254 3553 377 3599 vocatos,
393 3539 420 3592 hi
436 3540 569 3606 ταξίαρχοιτ
600 3550 661 3583 nam
677 3549 733 3583 cum
752 3537 863 3584 evocatis
880 3534 1101 3598 eosdemessenon

68 3601 146 3650 alios
161 3607 312 3665 premiorum
329 3603 370 3673 spe
387 3642 395 3665 ,
420 3607 446 3656 hi
462 3606 572 3675 gregarii
601 3599 715 3650 arbitror.
732 3599 849 3650 Prohibet
866 3601 985 3669 vopiscus
996 3601 1102 3670 quando

67 3668 193 3724 milita,
206 3665 343 3738 sagittarii,
359 3661 500 3724 funditores
516 3676 571 3725 alfi-
601 3669 653 3716 ait:
670 3670 777 3714 militavit
789 3671 885 3730 primum
896 3675 951 3717 inter
965 3674 1102 3726 ordinarios,

88 3749 121 3783 ue
139 3732 493 3805 majorahabitusistipendia,
512 3746 573 3791 cst-
603 3735 740 3781 drindtinret
757 3737 854 3798 equites:
872 3739 954 3784 ordines
962 3740 1042 3803 duxit,
1059 3739 1103 3782 tri·

67 3747 105 3857 in
123 3799 241 3874 duplicia
252 3799 321 3860 inisse
339 3822 349 3871 5
365 3820 427 3860 nam
441 3807 477 3861 ait
493 3805 575 3862 casar
603 3801 695 3855 lovon
709 3794 758 3866 egit.
776 3798 969 3867 ordinatiisnnt
983 3802 1103 3871 ptimoin

141 3882 143 3886 '
248 3903 260 3920 ,ι
758 3881 835 3939 ce4
1061 3886 1103 3925 or·
