2616 4462
152 280 157 298 t
271 232 886 313 -nsueneonsnrcnno‘s
1043 228 1150 344 ¹'675

110 360 186 434 iron
201 351 377 455 peditum,
402 350 458 422 sed
475 348 633 447 equitum
645 349 857 426 confertam:
882 351 1018 428 &inter
1033 377 1090 432 eos
1100 358 1151 435 le·
1212 434 1213 439 ,

112 456 166 529 vis
182 471 360 526 armaturae
377 447 573 543 Numidas,
598 446 636 520 δε
652 447 841 547 sagittarios
856 452 985 547 pedites
996 450 1151 550 interpo'·
1231 480 1234 484 ’

111 552 246 626 suerunt
265 574 273 621 ε
299 546 402 622 &ita
421 543 742 636 condensarerant,
767 566 807 621 ut
826 550 949 646 procul
966 547 1150 625 Caesariani

110 646 285 749 pedestres
296 642 409 741 copias
419 641 687 714 arbitrarentur:
706 643 965 720 &dextrumac
976 645 1151 720 sinistrum
1268 690 1273 703 -

110 769 223 820 cornu
237 741 372 841 magnis
380 737 901 838 equitumcopiisfirmaverant.
916 744 1059 816 Interim
1069 743 1151 818 Cae·
1175 772 1201 827 2

109 844 161 917 sar
177 841 285 914 aciem
300 836 421 936 dirigit
439 834 649 932 simplicem,
667 857 710 909 ut
723 859 884 936 poterat,
906 861 1051 939 propter
1066 867 1152 942 pau·
1191 846 1193 852 ’

110 941 263 1015 citatem.
276 934 475 1035 Sagittarius
486 952 563 1005 ante
573 932 682 1005 aciem
701 936 898 1010 constituit:
924 938 1056 1048 equites
1066 941 1153 1014 dex·

112 1059 170 1112 tro
187 1033 391 1132 finistroque
407 1054 519 1104 cornu
529 1029 697 1127 opponit:
716 1033 753 1105 &
765 1032 809 1107 ita
824 1034 1002 1134 praecipit,
1017 1056 1057 1109 ut
1069 1061 1153 1136 pro·

112 1134 291 1219 viderent,
310 1155 354 1204 ne
371 1127 595 1205 multitudine
605 1127 777 1228 equitatus
794 1130 945 1205 hostium
955 1132 1154 1208 circumve·
1189 1137 1191 1141 ’

86 1279 87 1282 =
114 1231 293 1305 nirentut:
318 1224 532 1301 existimabat
548 1223 640 1298 enim
653 1225 688 1300 se
699 1250 781 1302 cum
800 1229 1015 1329 pedestribus
1024 1232 1154 1330 copiis,

114 1328 186 1402 acie
201 1323 382 1412 instruere,
405 1322 662 1397 dimicaturum.
909 1324 915 1336 “

164 1424 287 1501 XlV.
313 1423 437 1514 Quum
456 1420 634 1520 utrimque
658 1421 868 1520 exspectatio
883 1424 982 1500 fieret
1004 1451 1015 1514 3
1039 1449 1154 1526 neque
1182 1457 1200 1502 1

117 1522 233 1608 Caesar
252 1523 286 1595 se
308 1539 494 1603 moveret-3
521 1519 557 1592 bt
576 1542 656 1592 cum
677 1521 821 1595 suorum
846 1524 1016 1622 paucitate
1035 1543 1157 1599 contra
1216 1560 1220 1567 ·

118 1643 277 1720 magnam
294 1618 365 1693 virn
383 1615 534 1690 hostium
556 1614 703 1691 artificio
721 1619 829 1718 magis
841 1630 861 1709 ’“,
884 1644 986 1718 quam
1003 1621 1159 1713 viribus,

116 1717 374 1790 decernendum
392 1713 547 1788 videret:
568 1710 681 1786 subito
698 1713 967 1791 adversariorum
983 1718 1159 1816 equitatus

119 1815 186 1888 sese
203 1813 388 1888 extendere
405 1810 488 1884 &in
504 1807 961 1910 latitudir'rempromovere,
984 1815 1160 1915 collesque

85 1925 87 1928 ’
120 1910 341 2011 complesti,
364 1905 561 1981 &Caesaris
582 1906 775 2008 equitatum
799 1929 985 1984 extenuare
1005 1967 1016 2003 ,
1039 1910 1160 1985 fimul·

119 2033 188 2109 que
203 2007 244 2082 ad
260 2005 546 2080 circumeundum
564 2029 764 2107 comparare
774 2006 807 2082 se
827 2029 1021 2106 coeperunt.
1044 2007 1160 2082 Caesa·
1181 2050 1208 2101 2
1233 2014 1235 2019 ’

90 2103 93 2107 ’
118 2107 205 2181 riani
231 2103 366 2203 equites
388 2126 509 2177 eorum
529 2103 793 2179 multitudinem
818 2117 913 2206 aegre
935 2103 1158 2180 sustinebant.

119 2204 222 2279 Acies
245 2203 384 2277 interim
411 2200 535 2274 mediae
556 2226 666 2302 quum
688 2225 897 2276 concurrere
922 2224 1132 2277 conarentur
1147 2214 1168 2296 ,'

75 2350 77 2354 -
120 2302 236 2376 subito
255 2325 301 2374 ex
319 2297 498 2374 condenfis
522 2300 645 2372 turmis
664 2297 795 2397 pedites
810 2298 984 2375 Numidae
1008 2300 1092 2375 levis
1108 2325 1164 2375 ar·
1261 2361 1264 2367 .
1293 2380 1296 2388 ,

102 2448 104 2450 -
121 2421 267 2472 maturae
284 2423 365 2472 cum
375 2395 552 2496 equitibus
564 2415 798 2496 procurrunt,
822 2398 882 2472 &¹
903 2396 992 2471 inter
1006 2397 1163 2498 legiona-

122 2496 192 2569 rios
209 2495 335 2570 milites
347 2496 459 2594 jacula
474 2494 676 2594 conjiciunt.
711 2493 784 2567 Hie
798 2518 908 2594 quum
927 2494 1108 2573 Caesariani
1125 2497 1160 2569 in

123 2618 183 2668 eos
207 2594 377 2691 impetum
396 2593 550 2668 fecissent
569 2618 579 2681 3
602 2593 745 2666 illorum
763 2590 896 2693 equites
913 2592 988 2668 refu
1017 2593 1160 2667 iebant:
1205 2628 1209 2638 ·

124 2689 256 2788 pedites
274 2690 408 2762 interim
425 2689 651 2782 resistebant,
675 2689 760 2764 dum
776 2690 909 2789 equites
926 2617 1043 2764 rurlirs
1061 2689 1164 2766 cursu

120 2807 290 2863 renovato
310 2785 482 2880 peditibus
496 2787 562 2861 suis
577 2788 827 2862 succurrerent.
1196 2852 1202 2857 .

172 2885 262 2963 XV.
288 2882 404 2958 Caesar
419 2907 513 2957 novo
528 2907 653 2960 uenere
670 2907 800 2984 pugnae
816 2883 954 2977 oblato,
971 2909 1082 2984 quum
1094 2882 1167 2958 ani·
1193 2912 1215 2980 ι·
1303 2899 1306 2905 “

124 2985 355 3060 madverteret
371 2979 509 3054 ordines
528 2942 673 3076 luorum
699 2982 734 3055 in
750 2984 987 3081 procurrendo
1008 2981 1164 3074 turbari,
1213 2990 1216 2995 '

129 3081 280 3177 <pedites
293 3081 407 3166 enim,
425 3079 509 3152 dum
523 3076 656 3178 equites
666 3076 701 3151 lo
753 3083 804 3155 ius
815 3079 1170 3182 dfignispersequun·

127 3198 206 3269 tur,
229 3179 332 3255 latere
348 3178 502 3268 nudato,
522 3175 718 3274 &proximis
771 3178 896 3254 umidis
911 3179 1029 3277 jaculis
1045 3180 1171 3253 vulne·

126 3274 320 3362 rebantur,
344 3275 475 3375 equites
500 3295 615 3350 autern
636 3275 788 3350 hostium
806 3274 916 3374 pilum
932 3275 1173 3351 militis-cursu
1247 3317 1249 3320 ·

127 3371 226 3448 facile
245 3372 420 3468 vitabant)
444 3374 548 3450 edicit
562 3396 623 3475 pet
638 3372 794 3462 ordines,
820 3397 863 3448 ne
882 3373 965 3474 quis
975 3373 1112 3449 milesii
1128 3371 1172 3447 sr-

1048 3497 1049 3501 ’
1093 3495 1174 3572 gnis

164 3613 188 3648 r.
205 3605 265 3648 later
281 3597 404 3657 legionarios
418 3600 514 3662 milites]
534 3598 629 3667 vulgg.
665 3616 713 3652 rum
727 3600 846 3654 meminit
854 3600 941 3650 santus
955 3615 1012 3654 eum
1022 3596 1102 3657 alibi,
1117 3608 1173 3649 turn

127 3668 209 3730 pedites
229 3699 236 3722 ,
260 3658 303 3711 sed
319 3662 426 3714 alteram
446 3667 585 3716 teutonem
599 3681 631 3715 err
668 3667 699 3719 de
717 3670 782 3722 uerl.
803 3664 934 3725 Alexand.
954 3682 1009 3740 cap.
1027 3677 1087 3720 ω.
1120 3664 1184 3728 De)
1286 3680 1289 3684 “

131 3736 186 3781 MS.
213 3739 303 3779 Norvrc.
322 3732 420 3796 recepi,
435 3746 488 3796 que
504 3728 565 3781 sane
582 3734 634 3782 ele·
668 3739 724 3791 aba

129 3797 235 3866 gautlet
262 3794 308 3859 ests
341 3797 560 3866 §integimentum
576 3801 637 3851 mitt·
783 3866 806 3924 v
846 3862 865 3919 h

668 3886 671 3891 “
814 3879 829 3920 V
