2616 4462
213 274 301 375 352'
445 273 492 352 fii
523 251 736 351 Hr'nrrr
769 274 1064 349 Commune.

211 392 421 470 contumelia
437 396 650 470 nobilissimae
666 395 907 494 cariffimaeque
923 390 1137 493 possessiones
1154 389 1251 466 cor:

209 492 418 585 dubensium
434 494 470 567 in
490 493 679 592 conspectu
702 494 765 566 suo
788 494 935 592 rapinis,
957 492 1069 577 serm,
1093 490 1252 563 flamma-

162 596 190 664 '2
210 611 280 758 guo
294 590 592 666 consumerentur.
617 591 824 677 Marcellus,
848 615 960 689 quum
975 587 1164 685 confligere
1182 588 1251 659 mi·

225 687 389 760 errimum
407 709 562 786 putaret,
615 691 683 762 uod
701 689 890 763 &victoris
905 689 944 761 &
961 685 1045 762 visti
1063 685 1250 758 detrimen-

210 799 287 856 tum
305 784 346 857 ad
363 788 510 861 eundern
531 714 700 860 Cadlarem
717 785 800 859 effer
818 785 1111 874 redundaturum,
1133 804 1249 878 neque

211 877 281 953 suae
298 882 471 979 potestatis
487 883 568 968 esse,
596 885 748 986 legiones
768 885 898 956 Baetim
913 878 1122 970 transducit,
1144 898 1248 1046 atpue

163 977 482 1082 gacieminstruit.
520 981 645 1078 Quum
665 979 816 1053 Cassium
834 1001 954 1054 contra
971 1004 1037 1078 pro
1054 976 1168 1050 castris
1197 975 1249 1048 uis
1289 1006 1292 1010 ⁵

210 1074 318 1148 aciem
335 1075 528 1152 instruxisse
545 1080 624 1152 loco
647 1077 819 1177 superiore
839 1077 995 1168 videret,
1017 1073 1127 1150 caussa
1144 1073 1252 1144 inter-

212 1170 340 1268 posita,
366 1177 460 1274 quod
473 1175 499 1248 is
514 1175 699 1275 inaequum
711 1198 781 1249 non
797 1174 1037 1264 descenderet,
1060 1168 1254 1244 Marcellus

161 1290 190 1371 4
215 1267 382 1345 militibus
398 1272 605 1370 persuadet,
628 1272 718 1347 urse
740 1272 775 1345 in
799 1271 903 1346 castra
918 1271 1103 1370 recipiant..
1130 1269 1253 1364 ltaque

212 1366 327 1462 copias
352 1370 515 1444 reducere
536 1370 655 1468 coepit.
688 1368 822 1443 Caffius
842 1427 854 1460 ,
877 1393 950 1467 quo
971 1366 1066 1441 bono
1091 1363 1253 1454 valebat,

211 1461 492 1564 Marcellumque
508 1465 688 1542 infirmum
708 1467 779 1540 effe
792 1466 936 1558 sciebat,
964 1461 1137 1566 aggressus
1151 1460 1254 1559 equi-

196 1571 288 1632 'tatu
305 1560 510 1660 legionarios
535 1564 566 1636 se
583 1566 785 1665 recipientes
804 1623 815 1656 ‚
838 1561 1036 1661 complures
1052 1558 1256 1659 novissimos

162 1666 191 1759 '5
213 1652 249 1727 in
258 1655 410 1732 fluminis
421 1660 501 1760 ripis
513 1659 687 1736 interficit.
703 1663 827 1760 Quum
840 1663 907 1735 hoc
921 1660 1149 1743 detrimento,
1162 1654 1253 1754 quid

135 1794 137 1799 f
213 1754 372 1830 tranfitus
387 1757 540 1833 fluminis
562 1759 639 1834 vitii
655 1758 934 1857 difficultatisque
949 1756 1106 1840 haberet,
1128 1751 1255 1852 cogni·

213 1868 290 1924 turn
309 1853 412 1947 esset,
436 1855 624 1931 Marcellus
640 1857 744 1931 casira
761 1855 887 1930 Baetim
904 1851 1085 1931 transfert:
1112 1850 1256 1924 crebro-

198 1971 437 2121 gueuterque
448 1953 601 2052 legiones
610 1955 645 2027 in
653 1955 758 2029 aciem
767 1954 904 2040 educit3
924 1976 1036 2051 neque
1045 1972 1159 2025 tamen
1168 1971 1257 2021 con·

241 2046 367 2146 igitur,
392 2067 403 2101 1
425 2070 569 2148 propter
585 2051 743 2124 locorum
758 2049 989 2124 difficultates.

24 2184 28 2193 ·
83 2173 87 2180 ¹
170 2165 187 2213 1
260 2145 363 2220 LXl.
388 2146 473 2222 Erat
482 2147 590 2258 copiis
599 2145 811 2246 pedestribus
827 2145 1089 2221 multofirmior
1102 2139 1257 2216 Marcel·

216 2239 289 2314 lus:
309 2242 454 2317 habebat
467 2271 559 2318 emm
569 2266 744 2321 veteranas
761 2243 936 2343 legiones,
958 2240 1146 2337 multisque
1157 2264 1254 2338 proe-

68 2389 71 2394 >
167 2355 194 2405 2
216 2334 270 2410 liis
283 2362 452 2438 expertas.
476 2342 609 2418 Cassius
625 2343 706 2417 fidei
726 2346 857 2442 magis,
880 2365 985 2438 quam
1003 2339 1125 2411 virtuti
1145 2337 1257 2435 legio·

108 2464 112 2475 ’
214 2458 327 2520 num,
352 2438 559 2514 confidebat.
603 2441 723 2540 ltaque
739 2463 849 2536 quum
872 2437 976 2510 castra
993 2433 1107 2519 castris
1129 2437 1256 2507 collata

212 2531 320 2606 essent
336 2591 347 2623 ,
372 2536 409 2610 δε
427 2536 612 2610 Marcellus
628 2537 746 2610 locum
756 2537 923 2608 idoneum
939 2532 1078 2608 castello
1093 2531 1257 2631 cepisset,

213 2651 286 2726 quo
303 2632 485 2729 prohibere
501 2659 589 2731 aqua
605 2632 781 2721 Caffiapos
798 2630 930 2729 posset3
954 2628 1142 2729 Longinus
1160 2629 1254 2702 veri·

214 2745 289 2815 tus,
314 2753 356 2802 ne
371 2753 496 2828 genere
506 2731 656 2828 quodam
665 2728 854 2805 obsidionis
863 2727 1078 2802 clauderetur
1089 2727 1125 2800 in
1140 2724 1259 2892 regio-

154 2854 167 2927 j
212 2822 315 2899 nibus
332 2826 448 2902 alienis
463 2827 593 2926 sibique
611 2825 738 2901 infestis
757 2885 769 2919 ,
793 2825 901 2900 nostu
927 2826 1062 2899 silentio
1078 2848 1123 2899 ex
1139 2846 1175 2892 ca
1210 2822 1258 2896 ris

212 2922 474 3020 proficiscitur,
507 2924 678 3021 celerique
710 2924 830 2998 itinere
855 2941 869 2975 2
900 2923 1017 2998 Ullam
1043 2916 1257 3007 contendit3
1291 2948 1296 2956 ·

170 3027 194 3109 3
217 3021 311 3114 quod
329 3020 389 3094 sibi
406 3023 508 3099 fidele
526 3021 592 3096 esse
608 3022 777 3122 oppidum
792 3020 965 3096 credebat.
999 3017 1053 3090 Ibi
1067 3013 1151 3089 adeo
1168 3037 1259 3087 con·

208 3114 329 3212 jundsa
344 3123 443 3216 ponit
461 3118 638 3194 moenibus
658 3121 784 3209 castra,
807 3139 846 3192 ut
857 3119 924 3191 loci
945 3114 1258 3220 naturasnarnque

212 3213 297 3287 Ulla
320 3216 355 3289 in
372 3220 466 3293 edito
483 3238 601 3291 monte
618 3217 726 3317 posrta
742 3216 815 3310 est)
840 3217 878 3290 δί
896 3211 966 3312 ipse
984 3227 1179 3285 munitione
1180 3235 1258 3378 bur·

245 3424 268 3486 13
286 3414 375 3473 Propter
381 3413 474 3459 locorum
481 3413 625 3475 difficultms]
636 3412 711 3493 Qud
782 3433 804 3470 1.
823 3419 902 3466 Ullam
917 3416 1047 3478 contendit]
1062 3416 1187 3462 Ptolemaios
1204 3335 1258 3462 bsu':

208 3479 281 3524 Ratis
296 3477 403 3526 alterum
420 3476 509 3528 ducem
525 3479 556 3529 ab
572 3482 654 3531 altero
672 3496 709 3531 na
745 3491 795 3542 m,
817 3507 916 3549 vocat„
942 3491 1017 3560 Apud
1040 3493 1166 3539 Strabrnem
1180 3483 1256 3536 'Irasci

122 3572 126 3577 -
209 3538 365 3618 sejungeret,
382 3555 408 3592 ut
418 3556 520 3611 uterque
529 3563 582 3624 non
592 3545 643 3596 fine
653 3563 708 3626 rna·
744 3583 860 3636 compte
882 3608 890 3631 2
915 3586 961 3638 1³1⁰
976 3565 988 3616 ἡ
1004 3562 1087 3613 odila.
1115 3570 1185 3615 Plinio
1205 3568 1255 3620 lib.

208 3623 262 3672 gno
275 3611 386 3672 periculo
398 3608 492 3660 flumen
503 3625 628 3673 traiiceret
646 3631 652 3662 :
669 3614 709 3663 rd-
747 3654 800 3686 m,
817 3652 871 3704 cap,
891 3655 914 3687 1,
932 3639 1006 3690 vlit,
1023 3636 1049 3682 δι
1065 3629 1098 3680 fic
1114 3631 1258 3699 legendum

208 3687 382 3763 qim-mmet
400 3677 509 3742 ΨΜ
528 3679 707 3759 altitudinem,
742 3703 834 3768 ubique
852 3703 958 3753 videtur.
977 3698 1024 3749 Sed
1042 3701 1068 3748 δι
1086 3701 1132 3748 Dio
1147 3700 1184 3750 ita
1195 3714 1259 3753 earn

206 3740 372 3859 gfldmes'
397 3743 424 3799 ἃ
442 3743 586 3802 Μωᾶαῧ·
620 3750 706 3819 R‘ulls
743 3783 815 3824 vocat
824 3768 871 3823 lib.
884 3783 974 3865 xrrnu.
1011 3767 1105 3855 fircera,
