<?xml version="1.0" encoding="UTF-8"?>
<!DOCTYPE html PUBLIC "-//W3C//DTD XHTML 1.0 Transitional//EN"
    "http://www.w3.org/TR/xhtml1/DTD/xhtml1-transitional.dtd">
<html xmlns="http://www.w3.org/1999/xhtml" xml:lang="en" lang="en">
 <head>
  <title>
</title>
<meta http-equiv="Content-Type" content="text/html;charset=utf-8" />
  <meta name='ocr-system' content='tesseract 3.04.00' />
  <meta name='ocr-capabilities' content='ocr_page ocr_carea ocr_par ocr_line ocrx_word'/>
</head>
<body>
  <div class='ocr_page' id='page_1' title='image "./ciuliuscaesarcu00petrgoog_0266.png"; bbox 0 0 2616 4462; ppageno 0'>
   <div class='ocr_carea' id='block_1_1' title="bbox 1027 35 1036 63">
    <p class='ocr_par' dir='ltr' id='par_1_1' title="bbox 1027 35 1036 63">
     <span class='ocr_line' id='line_1_1' title="bbox 1027 35 1036 63; baseline 0 0"><span class='ocrx_word' id='word_1_1' title='bbox 1027 35 1036 63; x_wconf 86' lang='grc' dir='ltr'><strong><em>Ι</em></strong></span> 
     </span>
    </p>
   </div>
   <div class='ocr_carea' id='block_1_2' title="bbox 246 249 1228 355">
    <p class='ocr_par' dir='ltr' id='par_1_2' title="bbox 246 249 1228 355">
     <span class='ocr_line' id='line_1_2' title="bbox 246 249 1228 355; baseline 0 -26"><span class='ocrx_word' id='word_1_2' title='bbox 246 249 917 344; x_wconf 66' lang='grc' dir='ltr'><strong>,υεΒειιοΑιεκΑΝοωα</strong></span> <span class='ocrx_word' id='word_1_3' title='bbox 1054 252 1127 355; x_wconf 82' lang='lat'><strong>633</strong></span> <span class='ocrx_word' id='word_1_4' title='bbox 1225 291 1228 296; x_wconf 89' lang='lat'><em>·</em></span> 
     </span>
    </p>
   </div>
   <div class='ocr_carea' id='block_1_3' title="bbox 94 367 1267 1732">
    <p class='ocr_par' dir='ltr' id='par_1_3' title="bbox 94 367 1267 1732">
     <span class='ocr_line' id='line_1_3' title="bbox 96 367 1210 467; baseline -0.002 -23"><span class='ocrx_word' id='word_1_5' title='bbox 96 367 224 446; x_wconf 89' lang='lat' dir='ltr'><strong>itineris</strong></span> <span class='ocrx_word' id='word_1_6' title='bbox 240 370 298 443; x_wconf 89' lang='lat' dir='ltr'><strong>has</strong></span> <span class='ocrx_word' id='word_1_7' title='bbox 311 368 377 443; x_wconf 84' lang='lat' dir='ltr'><strong>effe</strong></span> <span class='ocrx_word' id='word_1_8' title='bbox 385 389 491 442; x_wconf 88' lang='lat' dir='ltr'><strong>certas</strong></span> <span class='ocrx_word' id='word_1_9' title='bbox 506 368 802 467; x_wconf 83' lang='lat' dir='ltr'><strong>opportunitates,</strong></span> <span class='ocrx_word' id='word_1_10' title='bbox 827 368 921 466; x_wconf 91' lang='lat' dir='ltr'><strong>quod</strong></span> <span class='ocrx_word' id='word_1_11' title='bbox 931 367 965 440; x_wconf 93' lang='lat' dir='ltr'><strong>in</strong></span> <span class='ocrx_word' id='word_1_12' title='bbox 980 368 1063 442; x_wconf 91' lang='lat' dir='ltr'><strong>locis</strong></span> <span class='ocrx_word' id='word_1_13' title='bbox 1073 373 1144 444; x_wconf 90' lang='lat' dir='ltr'><strong>su·.</strong></span> <span class='ocrx_word' id='word_1_14' title='bbox 1206 434 1210 442; x_wconf 74' lang='grc'>,</span> 
     </span>
     <span class='ocr_line' id='line_1_4' title="bbox 97 455 1128 567; baseline -0.003 -26"><span class='ocrx_word' id='word_1_15' title='bbox 97 455 288 567; x_wconf 87' lang='lat' dir='ltr'><strong>perioribus</strong></span> <span class='ocrx_word' id='word_1_16' title='bbox 304 466 422 540; x_wconf 90' lang='lat' dir='ltr'><strong>nullus</strong></span> <span class='ocrx_word' id='word_1_17' title='bbox 438 467 585 563; x_wconf 90' lang='lat' dir='ltr'><strong>impetus</strong></span> <span class='ocrx_word' id='word_1_18' title='bbox 598 466 795 563; x_wconf 89' lang='lat' dir='ltr'><strong>repentinus</strong></span> <span class='ocrx_word' id='word_1_19' title='bbox 811 466 962 538; x_wconf 88' lang='lat' dir='ltr'><strong>accidere</strong></span> <span class='ocrx_word' id='word_1_20' title='bbox 977 465 1128 539; x_wconf 88' lang='lat' dir='ltr'><strong>hostium</strong></span> 
     </span>
     <span class='ocr_line' id='line_1_5' title="bbox 96 561 1129 664; baseline -0.002 -25"><span class='ocrx_word' id='word_1_21' title='bbox 96 565 295 664; x_wconf 85' lang='lat' dir='ltr'><strong>poterat‚&amp;</strong></span> <span class='ocrx_word' id='word_1_22' title='bbox 304 562 399 663; x_wconf 87' lang='lat' dir='ltr'><strong>quod</strong></span> <span class='ocrx_word' id='word_1_23' title='bbox 410 562 626 661; x_wconf 89' lang='lat' dir='ltr'><strong>Cappadocia</strong></span> <span class='ocrx_word' id='word_1_24' title='bbox 635 563 782 662; x_wconf 83' lang='lat' dir='ltr'><strong>hisjugis</strong></span> <span class='ocrx_word' id='word_1_25' title='bbox 795 561 1129 661; x_wconf 77' lang='lat' dir='ltr'><strong>subjcsta,magnam</strong></span> 
     </span>
     <span class='ocr_line' id='line_1_6' title="bbox 96 658 1189 756; baseline -0.009 -18"><span class='ocrx_word' id='word_1_26' title='bbox 96 683 306 738; x_wconf 85' lang='lat' dir='ltr'><strong>commeatus</strong></span> <span class='ocrx_word' id='word_1_27' title='bbox 317 661 454 756; x_wconf 88' lang='lat' dir='ltr'><strong>copiam</strong></span> <span class='ocrx_word' id='word_1_28' title='bbox 472 680 542 743; x_wconf 82' lang='lat' dir='ltr'><strong>erat</strong></span> <span class='ocrx_word' id='word_1_29' title='bbox 559 658 861 732; x_wconf 82' lang='lat' dir='ltr'><strong>subministratum.</strong></span> <span class='ocrx_word' id='word_1_30' title='bbox 1187 750 1189 754; x_wconf 13' lang='grc' dir='ltr'><strong><em>ι</em></strong></span> 
     </span>
     <span class='ocr_line' id='line_1_7' title="bbox 142 756 1174 855; baseline -0.007 -22"><span class='ocrx_word' id='word_1_31' title='bbox 142 759 330 833; x_wconf 87' lang='lat' dir='ltr'>XXXVI.</span> <span class='ocrx_word' id='word_1_32' title='bbox 356 757 566 855; x_wconf 87' lang='lat' dir='ltr'><strong>Complures</strong></span> <span class='ocrx_word' id='word_1_33' title='bbox 582 757 725 829; x_wconf 87' lang='lat' dir='ltr'><strong>interim·</strong></span> <span class='ocrx_word' id='word_1_34' title='bbox 737 756 922 854; x_wconf 85' lang='lat' dir='ltr'><strong>legationes</strong></span> <span class='ocrx_word' id='word_1_35' title='bbox 940 756 1131 828; x_wconf 88' lang='lat' dir='ltr'><strong>Pharnaces</strong></span> <span class='ocrx_word' id='word_1_36' title='bbox 1159 777 1174 826; x_wconf 91' lang='lat'>1</span> 
     </span>
     <span class='ocr_line' id='line_1_8' title="bbox 94 855 1131 952; baseline -0.004 -23"><span class='ocrx_word' id='word_1_37' title='bbox 94 856 138 930; x_wconf 84' lang='lat' dir='ltr'><strong>ad</strong></span> <span class='ocrx_word' id='word_1_38' title='bbox 155 856 355 929; x_wconf 87' lang='lat' dir='ltr'><strong>Domitium</strong></span> <span class='ocrx_word' id='word_1_39' title='bbox 373 856 503 945; x_wconf 86' lang='lat' dir='ltr'><strong>mittit,</strong></span> <span class='ocrx_word' id='word_1_40' title='bbox 525 879 605 951; x_wconf 86' lang='lat' dir='ltr'><strong>quae</strong></span> <span class='ocrx_word' id='word_1_41' title='bbox 625 855 667 927; x_wconf 87' lang='lat' dir='ltr'><strong>de</strong></span> <span class='ocrx_word' id='word_1_42' title='bbox 686 877 766 951; x_wconf 89' lang='lat' dir='ltr'><strong>pace</strong></span> <span class='ocrx_word' id='word_1_43' title='bbox 785 875 946 952; x_wconf 84' lang='lat' dir='ltr'><strong>agerent,</strong></span> <span class='ocrx_word' id='word_1_44' title='bbox 971 855 1131 950; x_wconf 80' lang='lat' dir='ltr'><strong>regiaque</strong></span> 
     </span>
     <span class='ocr_line' id='line_1_9' title="bbox 95 948 1267 1048; baseline -0.003 -22"><span class='ocrx_word' id='word_1_45' title='bbox 95 978 238 1026; x_wconf 87' lang='lat' dir='ltr'><strong>munera</strong></span> <span class='ocrx_word' id='word_1_46' title='bbox 251 948 557 1026; x_wconf 87' lang='lat' dir='ltr'><strong>Domitioserrent.</strong></span> <span class='ocrx_word' id='word_1_47' title='bbox 584 952 635 1023; x_wconf 89' lang='lat' dir='ltr'><strong>Ea</strong></span> <span class='ocrx_word' id='word_1_48' title='bbox 649 951 843 1024; x_wconf 85' lang='lat' dir='ltr'><strong>constanter</strong></span> <span class='ocrx_word' id='word_1_49' title='bbox 854 951 967 1024; x_wconf 88' lang='lat' dir='ltr'><strong>omnia</strong></span> <span class='ocrx_word' id='word_1_50' title='bbox 978 953 1131 1048; x_wconf 84' lang='lat' dir='ltr'><strong>asperna-</strong></span> <span class='ocrx_word' id='word_1_51' title='bbox 1154 967 1178 1020; x_wconf 85' lang='lat'><em>2</em></span> <span class='ocrx_word' id='word_1_52' title='bbox 1265 1019 1267 1023; x_wconf 85' lang='lat'>.</span> 
     </span>
     <span class='ocr_line' id='line_1_10' title="bbox 95 1047 1195 1148; baseline -0.004 -26"><span class='ocrx_word' id='word_1_53' title='bbox 95 1050 198 1122; x_wconf 89' lang='lat' dir='ltr'><strong>batur</strong></span> <span class='ocrx_word' id='word_1_54' title='bbox 216 1075 223 1121; x_wconf 92' lang='lat'>:</span> <span class='ocrx_word' id='word_1_55' title='bbox 251 1074 313 1122; x_wconf 89' lang='lat' dir='ltr'><strong>nec</strong></span> <span class='ocrx_word' id='word_1_56' title='bbox 336 1049 398 1120; x_wconf 83' lang='lat' dir='ltr'><strong>fibi</strong></span> <span class='ocrx_word' id='word_1_57' title='bbox 414 1049 601 1148; x_wconf 87' lang='lat' dir='ltr'><strong>quidquam</strong></span> <span class='ocrx_word' id='word_1_58' title='bbox 618 1047 694 1121; x_wconf 84' lang='lat' dir='ltr'><strong>sore</strong></span> <span class='ocrx_word' id='word_1_59' title='bbox 709 1048 884 1145; x_wconf 89' lang='lat' dir='ltr'><strong>antiquius</strong></span> <span class='ocrx_word' id='word_1_60' title='bbox 896 1072 998 1146; x_wconf 84' lang='lat' dir='ltr'><strong>quam</strong></span> <span class='ocrx_word' id='word_1_61' title='bbox 1015 1047 1130 1145; x_wconf 86' lang='lat' dir='ltr'><strong>digni·</strong></span> <span class='ocrx_word' id='word_1_62' title='bbox 1193 1071 1195 1075; x_wconf 76' lang='grc'><strong>’</strong></span> 
     </span>
     <span class='ocr_line' id='line_1_11' title="bbox 97 1143 1131 1245; baseline -0.004 -25"><span class='ocrx_word' id='word_1_63' title='bbox 97 1167 202 1221; x_wconf 89' lang='lat' dir='ltr'><strong>tatem</strong></span> <span class='ocrx_word' id='word_1_64' title='bbox 219 1146 339 1244; x_wconf 90' lang='lat' dir='ltr'><strong>populi</strong></span> <span class='ocrx_word' id='word_1_65' title='bbox 356 1148 468 1219; x_wconf 89' lang='lat' dir='ltr'><strong>Rom.</strong></span> <span class='ocrx_word' id='word_1_66' title='bbox 497 1149 534 1219; x_wconf 88' lang='lat'>&amp;</span> <span class='ocrx_word' id='word_1_67' title='bbox 547 1168 652 1245; x_wconf 84' lang='lat' dir='ltr'><strong>regna</strong></span> <span class='ocrx_word' id='word_1_68' title='bbox 666 1145 836 1218; x_wconf 89' lang='lat' dir='ltr'><strong>sociorum</strong></span> <span class='ocrx_word' id='word_1_69' title='bbox 853 1168 1069 1242; x_wconf 88' lang='lat' dir='ltr'><strong>recuperare,</strong></span> <span class='ocrx_word' id='word_1_70' title='bbox 1083 1143 1131 1216; x_wconf 93' lang='lat' dir='ltr'><strong>le-</strong></span> 
     </span>
     <span class='ocr_line' id='line_1_12' title="bbox 98 1241 1179 1346; baseline -0.003 -30"><span class='ocrx_word' id='word_1_71' title='bbox 98 1244 187 1342; x_wconf 84' lang='lat' dir='ltr'><strong>gatis</strong></span> <span class='ocrx_word' id='word_1_72' title='bbox 203 1243 435 1342; x_wconf 84' lang='lat' dir='ltr'><strong>respondebat.</strong></span> <span class='ocrx_word' id='word_1_73' title='bbox 461 1243 600 1343; x_wconf 76' lang='lat' dir='ltr'><strong>Magnis</strong></span> <span class='ocrx_word' id='word_1_74' title='bbox 618 1243 654 1316; x_wconf 88' lang='lat'>&amp;</span> <span class='ocrx_word' id='word_1_75' title='bbox 670 1242 843 1315; x_wconf 89' lang='lat' dir='ltr'><strong>continuis</strong></span> <span class='ocrx_word' id='word_1_76' title='bbox 859 1241 1036 1316; x_wconf 86' lang='lat' dir='ltr'><strong>itineribus</strong></span> <span class='ocrx_word' id='word_1_77' title='bbox 1048 1265 1131 1314; x_wconf 92' lang='lat' dir='ltr'><strong>con·</strong></span> <span class='ocrx_word' id='word_1_78' title='bbox 1157 1264 1179 1346; x_wconf 85' lang='lat'>3</span> 
     </span>
     <span class='ocr_line' id='line_1_13' title="bbox 97 1338 1131 1439; baseline -0.004 -25"><span class='ocrx_word' id='word_1_79' title='bbox 97 1340 215 1431; x_wconf 74' lang='lat' dir='ltr'><strong>feuis,</strong></span> <span class='ocrx_word' id='word_1_80' title='bbox 239 1365 348 1439; x_wconf 92' lang='lat' dir='ltr'><strong>quum</strong></span> <span class='ocrx_word' id='word_1_81' title='bbox 375 1357 386 1390; x_wconf 88' lang='lat'>¹</span> <span class='ocrx_word' id='word_1_82' title='bbox 405 1341 602 1414; x_wconf 87' lang='lat' dir='ltr'><strong>adventaret</strong></span> <span class='ocrx_word' id='word_1_83' title='bbox 613 1341 653 1413; x_wconf 89' lang='lat' dir='ltr'><strong>ad</strong></span> <span class='ocrx_word' id='word_1_84' title='bbox 667 1339 895 1436; x_wconf 89' lang='lat' dir='ltr'><strong>Nicopolim,</strong></span> <span class='ocrx_word' id='word_1_85' title='bbox 919 1340 1015 1438; x_wconf 91' lang='lat' dir='ltr'><strong>quod</strong></span> <span class='ocrx_word' id='word_1_86' title='bbox 1032 1338 1131 1436; x_wconf 93' lang='lat' dir='ltr'><strong>oppi-</strong></span> 
     </span>
     <span class='ocr_line' id='line_1_14' title="bbox 98 1435 1132 1537; baseline -0.004 -25"><span class='ocrx_word' id='word_1_87' title='bbox 98 1440 183 1512; x_wconf 92' lang='lat' dir='ltr'><strong>dum</strong></span> <span class='ocrx_word' id='word_1_88' title='bbox 200 1439 234 1510; x_wconf 87' lang='lat' dir='ltr'><strong>in</strong></span> <span class='ocrx_word' id='word_1_89' title='bbox 251 1437 413 1511; x_wconf 88' lang='lat' dir='ltr'><strong>Armenia</strong></span> <span class='ocrx_word' id='word_1_90' title='bbox 429 1437 563 1512; x_wconf 89' lang='lat' dir='ltr'><strong>minore</strong></span> <span class='ocrx_word' id='word_1_91' title='bbox 579 1435 729 1535; x_wconf 85' lang='lat' dir='ltr'><strong>posrtum</strong></span> <span class='ocrx_word' id='word_1_92' title='bbox 746 1437 815 1525; x_wconf 92' lang='lat' dir='ltr'><strong>est,</strong></span> <span class='ocrx_word' id='word_1_93' title='bbox 839 1437 942 1537; x_wconf 89' lang='lat' dir='ltr'><strong>plano</strong></span> <span class='ocrx_word' id='word_1_94' title='bbox 958 1435 1068 1533; x_wconf 87' lang='lat' dir='ltr'><strong>ipsum</strong></span> <span class='ocrx_word' id='word_1_95' title='bbox 1080 1438 1132 1508; x_wconf 92' lang='lat' dir='ltr'><strong>lo-</strong></span> 
     </span>
     <span class='ocr_line' id='line_1_15' title="bbox 99 1531 1215 1633; baseline -0.001 -26"><span class='ocrx_word' id='word_1_96' title='bbox 99 1560 162 1626; x_wconf 89' lang='lat' dir='ltr'><strong>co,</strong></span> <span class='ocrx_word' id='word_1_97' title='bbox 186 1535 360 1609; x_wconf 89' lang='lat' dir='ltr'><strong>montibus</strong></span> <span class='ocrx_word' id='word_1_98' title='bbox 377 1555 494 1607; x_wconf 83' lang='lat' dir='ltr'><strong>tamen</strong></span> <span class='ocrx_word' id='word_1_99' title='bbox 508 1534 584 1608; x_wconf 89' lang='lat' dir='ltr'><strong>altis</strong></span> <span class='ocrx_word' id='word_1_100' title='bbox 592 1533 635 1606; x_wconf 89' lang='lat' dir='ltr'><strong>ab</strong></span> <span class='ocrx_word' id='word_1_101' title='bbox 644 1533 782 1608; x_wconf 90' lang='lat' dir='ltr'><strong>duobus</strong></span> <span class='ocrx_word' id='word_1_102' title='bbox 794 1533 953 1608; x_wconf 89' lang='lat' dir='ltr'><strong>lateribus</strong></span> <span class='ocrx_word' id='word_1_103' title='bbox 964 1531 1128 1633; x_wconf 71' lang='lat' dir='ltr'><strong>objesbis,</strong></span> <span class='ocrx_word' id='word_1_104' title='bbox 1211 1554 1215 1561; x_wconf 89' lang='grc'><em>·</em></span> 
     </span>
     <span class='ocr_line' id='line_1_16' title="bbox 96 1631 1130 1732; baseline -0.002 -26"><span class='ocrx_word' id='word_1_105' title='bbox 96 1632 171 1706; x_wconf 87' lang='lat' dir='ltr'><strong>satis</strong></span> <span class='ocrx_word' id='word_1_106' title='bbox 189 1642 312 1732; x_wconf 83' lang='lat' dir='ltr'><strong>magno</strong></span> <span class='ocrx_word' id='word_1_107' title='bbox 323 1632 509 1705; x_wconf 87' lang='lat' dir='ltr'><strong>intervallo·</strong></span> <span class='ocrx_word' id='word_1_108' title='bbox 522 1632 565 1703; x_wconf 91' lang='lat' dir='ltr'><strong>ab</strong></span> <span class='ocrx_word' id='word_1_109' title='bbox 578 1631 708 1729; x_wconf 91' lang='lat' dir='ltr'><strong>oppido</strong></span> <span class='ocrx_word' id='word_1_110' title='bbox 717 1631 874 1716; x_wconf 82' lang='lat' dir='ltr'><strong>remotis,</strong></span> <span class='ocrx_word' id='word_1_111' title='bbox 898 1632 1001 1705; x_wconf 86' lang='lat' dir='ltr'><strong>castra</strong></span> <span class='ocrx_word' id='word_1_112' title='bbox 1016 1631 1130 1728; x_wconf 85' lang='lat' dir='ltr'><strong>posuit</strong></span> 
     </span>
    </p>
   </div>
   <div class='ocr_carea' id='block_1_4' title="bbox 98 1727 1305 1838">
    <p class='ocr_par' dir='ltr' id='par_1_4' title="bbox 98 1727 1305 1838">
     <span class='ocr_line' id='line_1_17' title="bbox 98 1727 1305 1838; baseline 0 -37"><span class='ocrx_word' id='word_1_113' title='bbox 98 1730 203 1829; x_wconf 83' lang='lat' dir='ltr'><strong>longe</strong></span> <span class='ocrx_word' id='word_1_114' title='bbox 220 1728 239 1802; x_wconf 72' lang='lat' dir='ltr'><strong>d</strong></span> <span class='ocrx_word' id='word_1_115' title='bbox 255 1728 425 1826; x_wconf 91' lang='lat' dir='ltr'><strong>Nicopoli</strong></span> <span class='ocrx_word' id='word_1_116' title='bbox 441 1727 575 1802; x_wconf 89' lang='lat' dir='ltr'><strong>circiter</strong></span> <span class='ocrx_word' id='word_1_117' title='bbox 591 1728 696 1800; x_wconf 88' lang='lat' dir='ltr'><strong>millia</strong></span> <span class='ocrx_word' id='word_1_118' title='bbox 712 1729 867 1826; x_wconf 83' lang='lat' dir='ltr'><strong>passuum</strong></span> <span class='ocrx_word' id='word_1_119' title='bbox 884 1753 926 1802; x_wconf 84' lang='lat' dir='ltr'><strong>vr</strong></span> <span class='ocrx_word' id='word_1_120' title='bbox 940 1755 968 1799; x_wconf 89' lang='grc' dir='ltr'><strong>ι.</strong></span> <span class='ocrx_word' id='word_1_121' title='bbox 988 1727 1129 1838; x_wconf 78' lang='lat' dir='ltr'><strong>Quibus</strong></span> <span class='ocrx_word' id='word_1_122' title='bbox 1150 1751 1177 1829; x_wconf 85' lang='lat'>4</span> <span class='ocrx_word' id='word_1_123' title='bbox 1300 1742 1305 1767; x_wconf 81' lang='lat'><strong>¹</strong></span> 
     </span>
    </p>
   </div>
   <div class='ocr_carea' id='block_1_5' title="bbox 98 1824 1250 2225">
    <p class='ocr_par' dir='ltr' id='par_1_5' title="bbox 98 1824 1250 2225">
     <span class='ocr_line' id='line_1_18' title="bbox 98 1824 1242 1925; baseline 0.003 -26"><span class='ocrx_word' id='word_1_124' title='bbox 98 1852 142 1899; x_wconf 89' lang='lat' dir='ltr'><strong>ex</strong></span> <span class='ocrx_word' id='word_1_125' title='bbox 158 1826 290 1908; x_wconf 80' lang='lat' dir='ltr'><strong>castris,</strong></span> <span class='ocrx_word' id='word_1_126' title='bbox 315 1850 425 1924; x_wconf 90' lang='lat' dir='ltr'><strong>quum</strong></span> <span class='ocrx_word' id='word_1_127' title='bbox 444 1824 540 1898; x_wconf 90' lang='lat' dir='ltr'><strong>locus</strong></span> <span class='ocrx_word' id='word_1_128' title='bbox 557 1825 719 1925; x_wconf 83' lang='lat' dir='ltr'><strong>angustus</strong></span> <span class='ocrx_word' id='word_1_129' title='bbox 736 1846 838 1924; x_wconf 89' lang='lat' dir='ltr'><strong>atque</strong></span> <span class='ocrx_word' id='word_1_130' title='bbox 852 1826 1033 1923; x_wconf 86' lang='lat' dir='ltr'><strong>impeditus</strong></span> <span class='ocrx_word' id='word_1_131' title='bbox 1047 1826 1128 1900; x_wconf 88' lang='lat' dir='ltr'><strong>ellet</strong></span> <span class='ocrx_word' id='word_1_132' title='bbox 1232 1888 1242 1902; x_wconf 82' lang='grc'><strong><em>,</em></strong></span> 
     </span>
     <span class='ocr_line' id='line_1_19' title="bbox 102 1921 1250 2018; baseline -0.003 -21"><span class='ocrx_word' id='word_1_133' title='bbox 102 1923 347 2013; x_wconf 87' lang='lat' dir='ltr'><strong>transeundus,</strong></span> <span class='ocrx_word' id='word_1_134' title='bbox 371 1923 559 1995; x_wconf 88' lang='lat' dir='ltr'><strong>Pharnaces</strong></span> <span class='ocrx_word' id='word_1_135' title='bbox 580 1923 615 1995; x_wconf 94' lang='lat' dir='ltr'><strong>in</strong></span> <span class='ocrx_word' id='word_1_136' title='bbox 630 1921 756 1996; x_wconf 88' lang='lat' dir='ltr'><strong>infidiis</strong></span> <span class='ocrx_word' id='word_1_137' title='bbox 774 1922 927 1996; x_wconf 73' lang='lat' dir='ltr'><strong>deledlos</strong></span> <span class='ocrx_word' id='word_1_138' title='bbox 944 1923 1074 2018; x_wconf 86' lang='lat' dir='ltr'><strong>pedites</strong></span> <span class='ocrx_word' id='word_1_139' title='bbox 1089 1946 1142 1994; x_wconf 73' lang='lat' dir='ltr'><strong>o·‘</strong></span> <span class='ocrx_word' id='word_1_140' title='bbox 1247 1954 1250 1958; x_wconf 61' lang='grc'>’</span> 
     </span>
     <span class='ocr_line' id='line_1_20' title="bbox 99 2017 1129 2118; baseline -0.005 -24"><span class='ocrx_word' id='word_1_141' title='bbox 99 2022 264 2117; x_wconf 88' lang='lat' dir='ltr'><strong>mnesque</strong></span> <span class='ocrx_word' id='word_1_142' title='bbox 279 2044 365 2118; x_wconf 89' lang='lat' dir='ltr'><strong>pene</strong></span> <span class='ocrx_word' id='word_1_143' title='bbox 379 2018 543 2117; x_wconf 87' lang='lat' dir='ltr'><strong>disposuit</strong></span> <span class='ocrx_word' id='word_1_144' title='bbox 557 2021 706 2118; x_wconf 89' lang='lat' dir='ltr'><strong>equites:</strong></span> <span class='ocrx_word' id='word_1_145' title='bbox 733 2045 786 2092; x_wconf 88' lang='lat' dir='ltr'><strong>ma</strong></span> <span class='ocrx_word' id='word_1_146' title='bbox 814 2045 890 2100; x_wconf 84' lang='lat' dir='ltr'><strong>nam</strong></span> <span class='ocrx_word' id='word_1_147' title='bbox 906 2040 1019 2103; x_wconf 85' lang='lat' dir='ltr'><strong>autem</strong></span> <span class='ocrx_word' id='word_1_148' title='bbox 1037 2017 1129 2091; x_wconf 88' lang='lat' dir='ltr'><strong>mul·</strong></span> 
     </span>
     <span class='ocr_line' id='line_1_21' title="bbox 99 2043 1129 2225; baseline -0.006 -33"><span class='ocrx_word' id='word_1_149' title='bbox 99 2117 283 2192; x_wconf 85' lang='lat' dir='ltr'><strong>titudinem</strong></span> <span class='ocrx_word' id='word_1_150' title='bbox 303 2117 432 2217; x_wconf 91' lang='lat' dir='ltr'><strong>pecoris</strong></span> <span class='ocrx_word' id='word_1_151' title='bbox 449 2118 536 2191; x_wconf 87' lang='lat' dir='ltr'><strong>intra</strong></span> <span class='ocrx_word' id='word_1_152' title='bbox 551 2141 604 2191; x_wconf 91' lang='lat' dir='ltr'><strong>eas</strong></span> <span class='ocrx_word' id='word_1_153' title='bbox 618 2116 730 2191; x_wconf 86' lang='lat' dir='ltr'><strong>fauces</strong></span> <span class='ocrx_word' id='word_1_154' title='bbox 741 2043 887 2213; x_wconf 78' lang='lat' dir='ltr'><strong>disiipari</strong></span> <span class='ocrx_word' id='word_1_155' title='bbox 899 2114 1010 2216; x_wconf 80' lang='lat' dir='ltr'><strong>jussit,</strong></span> <span class='ocrx_word' id='word_1_156' title='bbox 1028 2139 1129 2225; x_wconf 75' lang='lat' dir='ltr'><strong>paga·</strong></span> 
     </span>
    </p>
   </div>
   <div class='ocr_carea' id='block_1_6' title="bbox 78 2212 1179 2704">
    <p class='ocr_par' dir='ltr' id='par_1_6' title="bbox 98 2212 1177 2604">
     <span class='ocr_line' id='line_1_22' title="bbox 99 2212 1177 2322; baseline -0.003 -35"><span class='ocrx_word' id='word_1_157' title='bbox 99 2215 229 2312; x_wconf 90' lang='lat' dir='ltr'><strong>nosque</strong></span> <span class='ocrx_word' id='word_1_158' title='bbox 245 2217 283 2289; x_wconf 85' lang='lat'>&amp;</span> <span class='ocrx_word' id='word_1_159' title='bbox 299 2214 488 2312; x_wconf 88' lang='lat' dir='ltr'><strong>oppidanos</strong></span> <span class='ocrx_word' id='word_1_160' title='bbox 505 2216 540 2286; x_wconf 92' lang='lat' dir='ltr'><strong>in</strong></span> <span class='ocrx_word' id='word_1_161' title='bbox 557 2215 595 2288; x_wconf 92' lang='lat' dir='ltr'><strong>iis</strong></span> <span class='ocrx_word' id='word_1_162' title='bbox 611 2215 695 2287; x_wconf 88' lang='lat' dir='ltr'><strong>locis</strong></span> <span class='ocrx_word' id='word_1_163' title='bbox 710 2213 899 2287; x_wconf 89' lang='lat' dir='ltr'><strong>obversari:</strong></span> <span class='ocrx_word' id='word_1_164' title='bbox 925 2235 964 2287; x_wconf 93' lang='lat' dir='ltr'><strong>ut</strong></span> <span class='ocrx_word' id='word_1_165' title='bbox 981 2232 996 2265; x_wconf 87' lang='lat'><em>2</em></span> <span class='ocrx_word' id='word_1_166' title='bbox 1014 2212 1129 2286; x_wconf 84' lang='lat' dir='ltr'><strong>sramt·</strong></span> <span class='ocrx_word' id='word_1_167' title='bbox 1152 2243 1177 2322; x_wconf 88' lang='lat'><em>5</em></span> 
     </span>
     <span class='ocr_line' id='line_1_23' title="bbox 98 2309 1177 2409; baseline 0 -24"><span class='ocrx_word' id='word_1_168' title='bbox 98 2339 159 2386; x_wconf 90' lang='lat' dir='ltr'><strong>cus</strong></span> <span class='ocrx_word' id='word_1_169' title='bbox 176 2312 353 2386; x_wconf 90' lang='lat' dir='ltr'><strong>Domitius</strong></span> <span class='ocrx_word' id='word_1_170' title='bbox 375 2336 427 2384; x_wconf 89' lang='lat' dir='ltr'><strong>eas</strong></span> <span class='ocrx_word' id='word_1_171' title='bbox 443 2310 811 2409; x_wconf 84' lang='lat' dir='ltr'><strong>angustiastransrret,</strong></span> <span class='ocrx_word' id='word_1_172' title='bbox 836 2310 921 2383; x_wconf 89' lang='lat' dir='ltr'><strong>nihil</strong></span> <span class='ocrx_word' id='word_1_173' title='bbox 940 2312 982 2385; x_wconf 91' lang='lat' dir='ltr'><strong>de</strong></span> <span class='ocrx_word' id='word_1_174' title='bbox 1003 2309 1131 2383; x_wconf 86' lang='lat' dir='ltr'><strong>insrdiis</strong></span> <span class='ocrx_word' id='word_1_175' title='bbox 1174 2378 1177 2385; x_wconf 93' lang='lat'>.</span> 
     </span>
     <span class='ocr_line' id='line_1_24' title="bbox 100 2408 1131 2507; baseline 0 -26"><span class='ocrx_word' id='word_1_176' title='bbox 100 2410 322 2505; x_wconf 87' lang='lat' dir='ltr'><strong>suspicaretur</strong></span> <span class='ocrx_word' id='word_1_177' title='bbox 339 2434 349 2496; x_wconf 83' lang='lat'>3</span> <span class='ocrx_word' id='word_1_178' title='bbox 373 2433 482 2506; x_wconf 91' lang='lat' dir='ltr'><strong>quum</strong></span> <span class='ocrx_word' id='word_1_179' title='bbox 499 2411 534 2480; x_wconf 92' lang='lat' dir='ltr'><strong>in</strong></span> <span class='ocrx_word' id='word_1_180' title='bbox 551 2408 640 2507; x_wconf 85' lang='lat' dir='ltr'><strong>agris</strong></span> <span class='ocrx_word' id='word_1_181' title='bbox 655 2410 691 2481; x_wconf 73' lang='grc' dir='ltr'><strong>ὃ(</strong></span> <span class='ocrx_word' id='word_1_182' title='bbox 703 2432 824 2505; x_wconf 89' lang='lat' dir='ltr'><strong>pecora</strong></span> <span class='ocrx_word' id='word_1_183' title='bbox 836 2410 872 2482; x_wconf 90' lang='lat'>&amp;</span> <span class='ocrx_word' id='word_1_184' title='bbox 890 2409 1045 2484; x_wconf 90' lang='lat' dir='ltr'><strong>homines</strong></span> <span class='ocrx_word' id='word_1_185' title='bbox 1059 2408 1131 2481; x_wconf 88' lang='lat' dir='ltr'><strong>ani-</strong></span> 
     </span>
     <span class='ocr_line' id='line_1_25' title="bbox 100 2504 1131 2604; baseline 0 -27"><span class='ocrx_word' id='word_1_186' title='bbox 100 2507 326 2580; x_wconf 88' lang='lat' dir='ltr'><strong>madverteret</strong></span> <span class='ocrx_word' id='word_1_187' title='bbox 343 2506 483 2589; x_wconf 86' lang='lat' dir='ltr'><strong>versari,</strong></span> <span class='ocrx_word' id='word_1_188' title='bbox 500 2526 674 2604; x_wconf 86' lang='lat' dir='ltr'><strong>tamqnam</strong></span> <span class='ocrx_word' id='word_1_189' title='bbox 682 2505 869 2578; x_wconf 85' lang='lat' dir='ltr'><strong>amicorum</strong></span> <span class='ocrx_word' id='word_1_190' title='bbox 884 2508 1054 2581; x_wconf 88' lang='lat' dir='ltr'><strong>adventu:</strong></span> <span class='ocrx_word' id='word_1_191' title='bbox 1080 2504 1131 2578; x_wconf 90' lang='lat' dir='ltr'><strong>sm</strong></span> 
     </span>
    </p>

    <p class='ocr_par' dir='ltr' id='par_1_7' title="bbox 78 2597 1179 2704">
     <span class='ocr_line' id='line_1_26' title="bbox 78 2597 1179 2704; baseline 0.001 -31"><span class='ocrx_word' id='word_1_192' title='bbox 78 2693 80 2697; x_wconf 18' lang='grc' dir='ltr'>ι</span> <span class='ocrx_word' id='word_1_193' title='bbox 99 2626 185 2673; x_wconf 90' lang='lat' dir='ltr'><strong>vero</strong></span> <span class='ocrx_word' id='word_1_194' title='bbox 203 2602 287 2674; x_wconf 86' lang='lat' dir='ltr'><strong>utin</strong></span> <span class='ocrx_word' id='word_1_195' title='bbox 302 2602 451 2703; x_wconf 63' lang='lat' dir='ltr'><strong>bostium</strong></span> <span class='ocrx_word' id='word_1_196' title='bbox 465 2603 551 2677; x_wconf 88' lang='lat' dir='ltr'><strong>fines</strong></span> <span class='ocrx_word' id='word_1_197' title='bbox 566 2603 719 2693; x_wconf 87' lang='lat' dir='ltr'><strong>veniret,</strong></span> <span class='ocrx_word' id='word_1_198' title='bbox 744 2603 857 2701; x_wconf 83' lang='lat' dir='ltr'><strong>praeda</strong></span> <span class='ocrx_word' id='word_1_199' title='bbox 868 2603 1055 2704; x_wconf 89' lang='lat' dir='ltr'><strong>diripienda</strong></span> <span class='ocrx_word' id='word_1_200' title='bbox 1065 2603 1131 2676; x_wconf 90' lang='lat' dir='ltr'><strong>mi·</strong></span> <span class='ocrx_word' id='word_1_201' title='bbox 1174 2597 1179 2606; x_wconf 89' lang='grc'><strong><em>’</em></strong></span> 
     </span>
    </p>
   </div>
   <div class='ocr_carea' id='block_1_7' title="bbox 98 2696 1224 2871">
    <p class='ocr_par' dir='ltr' id='par_1_8' title="bbox 98 2696 1224 2871">
     <span class='ocr_line' id='line_1_27' title="bbox 98 2696 1224 2802; baseline 0.004 -31"><span class='ocrx_word' id='word_1_202' title='bbox 98 2699 175 2774; x_wconf 90' lang='lat' dir='ltr'><strong>lites</strong></span> <span class='ocrx_word' id='word_1_203' title='bbox 192 2696 445 2798; x_wconf 81' lang='lat' dir='ltr'><strong>dissiparentur,</strong></span> <span class='ocrx_word' id='word_1_204' title='bbox 468 2700 676 2802; x_wconf 82' lang='lat' dir='ltr'><strong>dispersique</strong></span> <span class='ocrx_word' id='word_1_205' title='bbox 691 2700 914 2778; x_wconf 82' lang='lat' dir='ltr'><strong>caederentur.</strong></span> <span class='ocrx_word' id='word_1_206' title='bbox 1049 2759 1052 2763; x_wconf 85' lang='lat'>.</span> <span class='ocrx_word' id='word_1_207' title='bbox 1221 2779 1224 2785; x_wconf 65' lang='grc'>,</span> 
     </span>
     <span class='ocr_line' id='line_1_28' title="bbox 431 2797 1131 2871; baseline 0 -4"><span class='ocrx_word' id='word_1_208' title='bbox 431 2842 433 2845; x_wconf 95' lang='grc'>-</span> <span class='ocrx_word' id='word_1_209' title='bbox 927 2797 1131 2871; x_wconf 90' lang='lat' dir='ltr'><strong>XXXVll.</strong></span> 
     </span>
    </p>
   </div>
   <div class='ocr_carea' id='block_1_8' title="bbox 99 2943 1220 3944">
    <p class='ocr_par' dir='ltr' id='par_1_9' title="bbox 99 2943 1220 3274">
     <span class='ocr_line' id='line_1_29' title="bbox 99 2943 1219 3012; baseline 0.003 -18"><span class='ocrx_word' id='word_1_210' title='bbox 99 2960 212 3012; x_wconf 78' lang='lat' dir='ltr'><strong>nuperae,</strong></span> <span class='ocrx_word' id='word_1_211' title='bbox 230 2943 332 2996; x_wconf 81' lang='lat' dir='ltr'><strong>verbum</strong></span> <span class='ocrx_word' id='word_1_212' title='bbox 341 2943 445 3008; x_wconf 87' lang='lat' dir='ltr'><strong>aliquod</strong></span> <span class='ocrx_word' id='word_1_213' title='bbox 454 2947 548 3007; x_wconf 80' lang='lat' dir='ltr'><strong>noscendi</strong></span> <span class='ocrx_word' id='word_1_214' title='bbox 557 2946 598 2995; x_wconf 89' lang='lat' dir='ltr'><strong>vel</strong></span> <span class='ocrx_word' id='word_1_215' title='bbox 631 2947 697 2998; x_wconf 87' lang='lat' dir='ltr'><strong>hunc</strong></span> <span class='ocrx_word' id='word_1_216' title='bbox 713 2949 797 2999; x_wconf 89' lang='lat' dir='ltr'><strong>locum</strong></span> <span class='ocrx_word' id='word_1_217' title='bbox 812 2946 913 2997; x_wconf 84' lang='lat' dir='ltr'><strong>exhibet</strong></span> <span class='ocrx_word' id='word_1_218' title='bbox 931 2951 985 2995; x_wconf 87' lang='lat' dir='ltr'><strong>MS.</strong></span> <span class='ocrx_word' id='word_1_219' title='bbox 995 2949 1086 2996; x_wconf 77' lang='lat' dir='ltr'><strong>uorvic.</strong></span> <span class='ocrx_word' id='word_1_220' title='bbox 1103 2960 1130 2995; x_wconf 84' lang='lat' dir='ltr'><strong>a·</strong></span> <span class='ocrx_word' id='word_1_221' title='bbox 1216 2992 1219 2997; x_wconf 76' lang='grc'>,</span> 
     </span>
     <span class='ocr_line' id='line_1_30' title="bbox 99 3007 1189 3079; baseline -0.002 -18"><span class='ocrx_word' id='word_1_222' title='bbox 99 3010 187 3063; x_wconf 88' lang='lat' dir='ltr'><strong>fimilis</strong></span> <span class='ocrx_word' id='word_1_223' title='bbox 203 3007 442 3079; x_wconf 77' lang='lat' dir='ltr'><strong>significatdspoffit</strong></span> <span class='ocrx_word' id='word_1_224' title='bbox 459 3009 598 3060; x_wconf 84' lang='lat' dir='ltr'><strong>subintelli-</strong></span> <span class='ocrx_word' id='word_1_225' title='bbox 633 3014 711 3078; x_wconf 83' lang='lat' dir='ltr'><strong>liique</strong></span> <span class='ocrx_word' id='word_1_226' title='bbox 733 3016 836 3079; x_wconf 85' lang='lat' dir='ltr'><strong>plurimi</strong></span> <span class='ocrx_word' id='word_1_227' title='bbox 861 3011 945 3062; x_wconf 91' lang='lat' dir='ltr'><strong>codd.</strong></span> <span class='ocrx_word' id='word_1_228' title='bbox 972 3026 1029 3060; x_wconf 89' lang='lat' dir='ltr'><strong>cum</strong></span> <span class='ocrx_word' id='word_1_229' title='bbox 1056 3011 1131 3062; x_wconf 86' lang='lat' dir='ltr'><strong>editt.</strong></span> <span class='ocrx_word' id='word_1_230' title='bbox 1184 3052 1189 3065; x_wconf 90' lang='grc'>,</span> 
     </span>
     <span class='ocr_line' id='line_1_31' title="bbox 101 3075 1131 3148; baseline 0.005 -23"><span class='ocrx_word' id='word_1_231' title='bbox 101 3079 136 3142; x_wconf 84' lang='lat' dir='ltr'><strong>gi.</strong></span> <span class='ocrx_word' id='word_1_232' title='bbox 152 3081 214 3130; x_wconf 91' lang='lat' dir='ltr'><strong>Vide</strong></span> <span class='ocrx_word' id='word_1_233' title='bbox 228 3084 269 3128; x_wconf 84' lang='lat' dir='ltr'><strong>Fr.</strong></span> <span class='ocrx_word' id='word_1_234' title='bbox 288 3079 370 3126; x_wconf 64' lang='lat' dir='ltr'><strong>Sanun</strong></span> <span class='ocrx_word' id='word_1_235' title='bbox 385 3077 495 3127; x_wconf 86' lang='lat' dir='ltr'><strong>Minerv.</strong></span> <span class='ocrx_word' id='word_1_236' title='bbox 504 3075 548 3126; x_wconf 85' lang='lat' dir='ltr'><strong>lib.</strong></span> <span class='ocrx_word' id='word_1_237' title='bbox 561 3092 598 3128; x_wconf 80' lang='lat' dir='ltr'><strong>iv.</strong></span> <span class='ocrx_word' id='word_1_238' title='bbox 634 3087 700 3148; x_wconf 57' lang='lat' dir='ltr'><strong>Rom.</strong></span> <span class='ocrx_word' id='word_1_239' title='bbox 714 3086 764 3129; x_wconf 83' lang='lat' dir='ltr'><strong>Ven.</strong></span> <span class='ocrx_word' id='word_1_240' title='bbox 775 3081 874 3128; x_wconf 75' lang='lat' dir='ltr'><strong>semla.</strong></span> <span class='ocrx_word' id='word_1_241' title='bbox 896 3078 986 3127; x_wconf 86' lang='lat' dir='ltr'><strong>luillis</strong></span> <span class='ocrx_word' id='word_1_242' title='bbox 996 3077 1065 3127; x_wconf 92' lang='lat' dir='ltr'><strong>enim</strong></span> <span class='ocrx_word' id='word_1_243' title='bbox 1080 3075 1131 3135; x_wconf 83' lang='lat' dir='ltr'><strong>est,</strong></span> 
     </span>
     <span class='ocr_line' id='line_1_32' title="bbox 101 3142 1137 3206; baseline 0.004 -16"><span class='ocrx_word' id='word_1_244' title='bbox 101 3157 129 3190; x_wconf 84' lang='lat' dir='ltr'><strong>ca</strong></span> <span class='ocrx_word' id='word_1_245' title='bbox 149 3181 154 3193; x_wconf 94' lang='lat'>.</span> <span class='ocrx_word' id='word_1_246' title='bbox 165 3160 189 3205; x_wconf 76' lang='lat' dir='ltr'><strong>v.</strong></span> <span class='ocrx_word' id='word_1_247' title='bbox 198 3161 254 3195; x_wconf 89' lang='lat' dir='ltr'><strong>cum</strong></span> <span class='ocrx_word' id='word_1_248' title='bbox 264 3147 315 3206; x_wconf 81' lang='lat' dir='ltr'><strong>Jac.</strong></span> <span class='ocrx_word' id='word_1_249' title='bbox 323 3146 434 3193; x_wconf 68' lang='lat' dir='ltr'><strong>Perizonii</strong></span> <span class='ocrx_word' id='word_1_250' title='bbox 442 3142 600 3195; x_wconf 85' lang='lat' dir='ltr'><strong>additamen-</strong></span> <span class='ocrx_word' id='word_1_251' title='bbox 630 3146 680 3203; x_wconf 84' lang='lat' dir='ltr'><strong>five</strong></span> <span class='ocrx_word' id='word_1_252' title='bbox 687 3150 768 3193; x_wconf 82' lang='lat' dir='ltr'><strong>amicus</strong></span> <span class='ocrx_word' id='word_1_253' title='bbox 778 3146 826 3204; x_wconf 83' lang='lat' dir='ltr'><strong>five</strong></span> <span class='ocrx_word' id='word_1_254' title='bbox 835 3143 932 3191; x_wconf 78' lang='lat' dir='ltr'><strong>inimicus</strong></span> <span class='ocrx_word' id='word_1_255' title='bbox 946 3147 1067 3190; x_wconf 82' lang='lat' dir='ltr'><strong>Domitius.</strong></span> <span class='ocrx_word' id='word_1_256' title='bbox 1075 3147 1137 3194; x_wconf 74' lang='lat' dir='ltr'><strong>Hoc</strong></span> 
     </span>
     <span class='ocr_line' id='line_1_33' title="bbox 100 3159 1220 3274; baseline 0.001 -20"><span class='ocrx_word' id='word_1_257' title='bbox 100 3159 147 3257; x_wconf 56' lang='lat' dir='ltr'><strong>tid</strong></span> <span class='ocrx_word' id='word_1_258' title='bbox 176 3216 268 3264; x_wconf 76' lang='lat' dir='ltr'><strong>Davies.</strong></span> <span class='ocrx_word' id='word_1_259' title='bbox 634 3208 693 3258; x_wconf 88' lang='lat' dir='ltr'><strong>lane</strong></span> <span class='ocrx_word' id='word_1_260' title='bbox 708 3208 882 3260; x_wconf 83' lang='lat' dir='ltr'><strong>adsumentum</strong></span> <span class='ocrx_word' id='word_1_261' title='bbox 895 3207 985 3274; x_wconf 84' lang='lat' dir='ltr'><strong>probat</strong></span> <span class='ocrx_word' id='word_1_262' title='bbox 1001 3209 1067 3267; x_wconf 76' lang='lat' dir='ltr'><strong>Joan.</strong></span> <span class='ocrx_word' id='word_1_263' title='bbox 1086 3211 1134 3256; x_wconf 72' lang='lat' dir='ltr'><strong>Ga·</strong></span> <span class='ocrx_word' id='word_1_264' title='bbox 1217 3239 1220 3246; x_wconf 88' lang='lat'><em>-</em></span> 
     </span>
    </p>

    <p class='ocr_par' dir='ltr' id='par_1_10' title="bbox 101 3272 1136 3802">
     <span class='ocr_line' id='line_1_34' title="bbox 138 3272 1133 3340; baseline 0.002 -20"><span class='ocrx_word' id='word_1_265' title='bbox 138 3288 158 3322; x_wconf 87' lang='lat' dir='ltr'><strong>r.</strong></span> <span class='ocrx_word' id='word_1_266' title='bbox 177 3279 359 3326; x_wconf 61' lang='lat' dir='ltr'><strong>utererestereres</strong></span> <span class='ocrx_word' id='word_1_267' title='bbox 371 3276 503 3340; x_wconf 62' lang='lat' dir='ltr'><strong>arcopolim]</strong></span> <span class='ocrx_word' id='word_1_268' title='bbox 520 3276 592 3326; x_wconf 80' lang='lat' dir='ltr'><strong>Editt</strong></span> <span class='ocrx_word' id='word_1_269' title='bbox 636 3278 714 3324; x_wconf 82' lang='lat' dir='ltr'><strong>duinus</strong></span> <span class='ocrx_word' id='word_1_270' title='bbox 729 3293 737 3334; x_wconf 81' lang='lat'>3</span> <span class='ocrx_word' id='word_1_271' title='bbox 754 3277 781 3326; x_wconf 89' lang='lat' dir='ltr'><strong>in</strong></span> <span class='ocrx_word' id='word_1_272' title='bbox 797 3278 865 3338; x_wconf 88' lang='lat' dir='ltr'><strong>cujus</strong></span> <span class='ocrx_word' id='word_1_273' title='bbox 879 3272 1030 3325; x_wconf 88' lang='lat' dir='ltr'><strong>sententiam</strong></span> <span class='ocrx_word' id='word_1_274' title='bbox 1043 3276 1133 3340; x_wconf 86' lang='lat' dir='ltr'><strong>pauci,</strong></span> 
     </span>
     <span class='ocr_line' id='line_1_35' title="bbox 102 3337 1134 3408; baseline 0.002 -22"><span class='ocrx_word' id='word_1_275' title='bbox 102 3353 199 3402; x_wconf 77' lang='lat' dir='ltr'><strong>nuperae</strong></span> <span class='ocrx_word' id='word_1_276' title='bbox 229 3345 349 3394; x_wconf 88' lang='lat' dir='ltr'><strong>omittunt</strong></span> <span class='ocrx_word' id='word_1_277' title='bbox 377 3339 601 3408; x_wconf 81' lang='lat' dir='ltr'><strong>ptaepofitionem,</strong></span> <span class='ocrx_word' id='word_1_278' title='bbox 635 3340 680 3391; x_wconf 79' lang='lat' dir='ltr'><strong>nist</strong></span> <span class='ocrx_word' id='word_1_279' title='bbox 696 3340 791 3399; x_wconf 83' lang='lat' dir='ltr'><strong>fallor,</strong></span> <span class='ocrx_word' id='word_1_280' title='bbox 807 3340 910 3408; x_wconf 85' lang='lat' dir='ltr'><strong>pedibus</strong></span> <span class='ocrx_word' id='word_1_281' title='bbox 926 3340 997 3390; x_wconf 89' lang='lat' dir='ltr'><strong>ibunt</strong></span> <span class='ocrx_word' id='word_1_282' title='bbox 1014 3359 1022 3398; x_wconf 61' lang='grc' dir='ltr'><strong><em>ς</em></strong></span> <span class='ocrx_word' id='word_1_283' title='bbox 1038 3337 1134 3389; x_wconf 86' lang='lat' dir='ltr'><strong>namsi</strong></span> 
     </span>
     <span class='ocr_line' id='line_1_36' title="bbox 103 3405 1134 3468; baseline 0.002 -17"><span class='ocrx_word' id='word_1_284' title='bbox 103 3418 181 3468; x_wconf 86' lang='lat' dir='ltr'><strong>quam</strong></span> <span class='ocrx_word' id='word_1_285' title='bbox 198 3406 289 3458; x_wconf 81' lang='lat' dir='ltr'><strong>restitui</strong></span> <span class='ocrx_word' id='word_1_286' title='bbox 304 3426 334 3460; x_wconf 82' lang='lat' dir='ltr'><strong>ex</strong></span> <span class='ocrx_word' id='word_1_287' title='bbox 348 3414 422 3460; x_wconf 87' lang='lat' dir='ltr'><strong>MSto</strong></span> <span class='ocrx_word' id='word_1_288' title='bbox 432 3415 522 3460; x_wconf 82' lang='lat' dir='ltr'><strong>Norvic.</strong></span> <span class='ocrx_word' id='word_1_289' title='bbox 540 3412 601 3460; x_wconf 89' lang='lat' dir='ltr'><strong>&amp;e-</strong></span> <span class='ocrx_word' id='word_1_290' title='bbox 635 3412 716 3457; x_wconf 69' lang='lat' dir='ltr'><strong>inimici</strong></span> <span class='ocrx_word' id='word_1_291' title='bbox 724 3422 799 3459; x_wconf 86' lang='lat' dir='ltr'><strong>antea</strong></span> <span class='ocrx_word' id='word_1_292' title='bbox 814 3405 1134 3461; x_wconf 80' lang='lat' dir='ltr'><strong>mentionemfeceratno-</strong></span> 
     </span>
     <span class='ocr_line' id='line_1_37' title="bbox 103 3469 1135 3541; baseline -0.001 -21"><span class='ocrx_word' id='word_1_293' title='bbox 103 3469 161 3520; x_wconf 86' lang='lat' dir='ltr'><strong>ditt.</strong></span> <span class='ocrx_word' id='word_1_294' title='bbox 178 3477 243 3538; x_wconf 62' lang='lat' dir='ltr'><strong>lqm.</strong></span> <span class='ocrx_word' id='word_1_295' title='bbox 256 3481 305 3526; x_wconf 82' lang='lat' dir='ltr'><strong>Ven.</strong></span> <span class='ocrx_word' id='word_1_296' title='bbox 316 3478 415 3526; x_wconf 80' lang='lat' dir='ltr'><strong>Beroald.</strong></span> <span class='ocrx_word' id='word_1_297' title='bbox 433 3476 470 3525; x_wconf 84' lang='lat' dir='ltr'><strong>Sic</strong></span> <span class='ocrx_word' id='word_1_298' title='bbox 486 3475 531 3525; x_wconf 88' lang='lat' dir='ltr'><strong>lib.</strong></span> <span class='ocrx_word' id='word_1_299' title='bbox 541 3492 562 3527; x_wconf 90' lang='lat'><strong>1.</strong></span> <span class='ocrx_word' id='word_1_300' title='bbox 572 3480 600 3526; x_wconf 85' lang='lat' dir='ltr'><strong>B.</strong></span> <span class='ocrx_word' id='word_1_301' title='bbox 635 3474 698 3533; x_wconf 81' lang='lat' dir='ltr'><strong>uer,</strong></span> <span class='ocrx_word' id='word_1_302' title='bbox 715 3476 779 3527; x_wconf 88' lang='lat' dir='ltr'><strong>nibil</strong></span> <span class='ocrx_word' id='word_1_303' title='bbox 797 3491 861 3541; x_wconf 90' lang='lat' dir='ltr'><strong>opus</strong></span> <span class='ocrx_word' id='word_1_304' title='bbox 876 3487 928 3524; x_wconf 84' lang='lat' dir='ltr'><strong>etat</strong></span> <span class='ocrx_word' id='word_1_305' title='bbox 945 3486 972 3523; x_wconf 89' lang='lat' dir='ltr'><strong>ut</strong></span> <span class='ocrx_word' id='word_1_306' title='bbox 987 3471 1072 3540; x_wconf 79' lang='lat' dir='ltr'><strong>polica</strong></span> <span class='ocrx_word' id='word_1_307' title='bbox 1088 3469 1135 3520; x_wconf 82' lang='lat' dir='ltr'><strong>ad·</strong></span> 
     </span>
     <span class='ocr_line' id='line_1_38' title="bbox 103 3538 1134 3607; baseline -0.004 -19"><span class='ocrx_word' id='word_1_308' title='bbox 103 3539 137 3588; x_wconf 88' lang='lat' dir='ltr'><strong>G·</strong></span> <span class='ocrx_word' id='word_1_309' title='bbox 156 3551 210 3600; x_wconf 83' lang='lat' dir='ltr'><strong>cap.</strong></span> <span class='ocrx_word' id='word_1_310' title='bbox 229 3553 285 3589; x_wconf 84' lang='lat' dir='ltr'><strong>vr1.</strong></span> <span class='ocrx_word' id='word_1_311' title='bbox 310 3544 356 3589; x_wconf 59' lang='lat' dir='ltr'><strong>«td</strong></span> <span class='ocrx_word' id='word_1_312' title='bbox 369 3546 481 3590; x_wconf 68' lang='lat' dir='ltr'><strong>Genavam</strong></span> <span class='ocrx_word' id='word_1_313' title='bbox 495 3546 600 3607; x_wconf 70' lang='lat' dir='ltr'><strong>pervenit.</strong></span> <span class='ocrx_word' id='word_1_314' title='bbox 638 3542 724 3602; x_wconf 83' lang='lat' dir='ltr'><strong>jicetet</strong></span> <span class='ocrx_word' id='word_1_315' title='bbox 735 3543 770 3602; x_wconf 79' lang='lat' dir='ltr'><strong>fin</strong></span> <span class='ocrx_word' id='word_1_316' title='bbox 783 3560 834 3590; x_wconf 80' lang='lat' dir='ltr'><strong>vero</strong></span> <span class='ocrx_word' id='word_1_317' title='bbox 849 3556 874 3591; x_wconf 80' lang='lat' dir='ltr'><strong>ur</strong></span> <span class='ocrx_word' id='word_1_318' title='bbox 890 3545 913 3589; x_wconf 82' lang='lat' dir='ltr'><strong>in</strong></span> <span class='ocrx_word' id='word_1_319' title='bbox 928 3538 1077 3602; x_wconf 75' lang='lat' dir='ltr'><strong>hostiumfines</strong></span> <span class='ocrx_word' id='word_1_320' title='bbox 1093 3555 1134 3584; x_wconf 83' lang='lat' dir='ltr'><strong>ve·</strong></span> 
     </span>
     <span class='ocr_line' id='line_1_39' title="bbox 102 3600 1135 3674; baseline -0.002 -20"><span class='ocrx_word' id='word_1_321' title='bbox 102 3607 135 3654; x_wconf 81' lang='lat' dir='ltr'><strong>Et</strong></span> <span class='ocrx_word' id='word_1_322' title='bbox 153 3600 198 3652; x_wconf 89' lang='lat' dir='ltr'><strong>lib.</strong></span> <span class='ocrx_word' id='word_1_323' title='bbox 210 3607 263 3652; x_wconf 83' lang='lat'>111&#39;.</span> <span class='ocrx_word' id='word_1_324' title='bbox 282 3609 307 3657; x_wconf 82' lang='lat' dir='ltr'><strong>B.</strong></span> <span class='ocrx_word' id='word_1_325' title='bbox 318 3611 349 3656; x_wconf 88' lang='lat' dir='ltr'><strong>C.</strong></span> <span class='ocrx_word' id='word_1_326' title='bbox 366 3622 420 3672; x_wconf 84' lang='lat' dir='ltr'><strong>cap.</strong></span> <span class='ocrx_word' id='word_1_327' title='bbox 438 3622 478 3663; x_wconf 62' lang='grc' dir='ltr'><strong>χι.</strong></span> <span class='ocrx_word' id='word_1_328' title='bbox 497 3610 602 3657; x_wconf 55' lang='lat' dir='ltr'><strong>sadon-</strong></span> <span class='ocrx_word' id='word_1_329' title='bbox 638 3612 710 3666; x_wconf 80' lang='lat' dir='ltr'><strong>nirer,</strong></span> <span class='ocrx_word' id='word_1_330' title='bbox 728 3607 817 3674; x_wconf 88' lang='lat' dir='ltr'><strong>quibus</strong></span> <span class='ocrx_word' id='word_1_331' title='bbox 833 3624 864 3658; x_wconf 81' lang='lat' dir='ltr'><strong>ex</strong></span> <span class='ocrx_word' id='word_1_332' title='bbox 881 3605 964 3658; x_wconf 88' lang='lat' dir='ltr'><strong>verbis</strong></span> <span class='ocrx_word' id='word_1_333' title='bbox 980 3607 1035 3655; x_wconf 90' lang='lat' dir='ltr'><strong>luce</strong></span> <span class='ocrx_word' id='word_1_334' title='bbox 1044 3603 1072 3654; x_wconf 88' lang='lat' dir='ltr'><strong>lit</strong></span> <span class='ocrx_word' id='word_1_335' title='bbox 1082 3604 1135 3653; x_wconf 85' lang='lat' dir='ltr'><strong>cla-</strong></span> 
     </span>
     <span class='ocr_line' id='line_1_40' title="bbox 101 3669 1136 3741; baseline 0.009 -26"><span class='ocrx_word' id='word_1_336' title='bbox 101 3673 228 3719; x_wconf 70' lang='lat' dir='ltr'><strong>canivenir.</strong></span> <span class='ocrx_word' id='word_1_337' title='bbox 245 3673 285 3718; x_wconf 87' lang='lat' dir='ltr'><strong>lta</strong></span> <span class='ocrx_word' id='word_1_338' title='bbox 293 3673 371 3722; x_wconf 83' lang='lat' dir='ltr'><strong>eriam</strong></span> <span class='ocrx_word' id='word_1_339' title='bbox 378 3669 484 3738; x_wconf 80' lang='lat' dir='ltr'><strong>persaepe</strong></span> <span class='ocrx_word' id='word_1_340' title='bbox 493 3676 615 3740; x_wconf 69' lang='lat' dir='ltr'><strong>loquun-</strong></span> <span class='ocrx_word' id='word_1_341' title='bbox 637 3675 704 3732; x_wconf 84' lang='lat' dir='ltr'><strong>rius,</strong></span> <span class='ocrx_word' id='word_1_342' title='bbox 720 3675 835 3741; x_wconf 84' lang='lat' dir='ltr'><strong>ineptum</strong></span> <span class='ocrx_word' id='word_1_343' title='bbox 848 3671 897 3731; x_wconf 81' lang='lat' dir='ltr'><strong>else</strong></span> <span class='ocrx_word' id='word_1_344' title='bbox 905 3671 970 3731; x_wconf 83' lang='lat' dir='ltr'><strong>illud</strong></span> <span class='ocrx_word' id='word_1_345' title='bbox 978 3670 1136 3727; x_wconf 73' lang='lat' dir='ltr'><strong>additamen-</strong></span> 
     </span>
     <span class='ocr_line' id='line_1_41' title="bbox 103 3733 1100 3802; baseline -0.001 -15"><span class='ocrx_word' id='word_1_346' title='bbox 103 3733 348 3802; x_wconf 74' lang='lat' dir='ltr'><strong>turboniaustores.</strong></span> <span class='ocrx_word' id='word_1_347' title='bbox 382 3741 452 3790; x_wconf 83' lang='lat' dir='ltr'><strong>Idem.</strong></span> <span class='ocrx_word' id='word_1_348' title='bbox 637 3753 698 3795; x_wconf 85' lang='lat' dir='ltr'><strong>tum.</strong></span> <span class='ocrx_word' id='word_1_349' title='bbox 735 3746 831 3795; x_wconf 71' lang='lat' dir='ltr'><strong>Davus.</strong></span> <span class='ocrx_word' id='word_1_350' title='bbox 944 3743 953 3746; x_wconf 74' lang='grc'>”</span> <span class='ocrx_word' id='word_1_351' title='bbox 1025 3735 1028 3743; x_wconf 87' lang='grc'><strong>’</strong></span> <span class='ocrx_word' id='word_1_352' title='bbox 1098 3782 1100 3786; x_wconf 88' lang='grc'><em>,</em></span> 
     </span>
    </p>

    <p class='ocr_par' dir='ltr' id='par_1_11' title="bbox 136 3801 836 3929">
     <span class='ocr_line' id='line_1_42' title="bbox 136 3801 836 3929; baseline -0.003 -71"><span class='ocrx_word' id='word_1_353' title='bbox 136 3817 161 3858; x_wconf 79' lang='lat'><strong>2·</strong></span> <span class='ocrx_word' id='word_1_354' title='bbox 179 3805 205 3856; x_wconf 75' lang='lat' dir='ltr'><strong>St</strong></span> <span class='ocrx_word' id='word_1_355' title='bbox 219 3804 301 3856; x_wconf 74' lang='lat' dir='ltr'><strong>amicus</strong></span> <span class='ocrx_word' id='word_1_356' title='bbox 314 3805 442 3873; x_wconf 59' lang='lat' dir='ltr'><strong>Domitios]</strong></span> <span class='ocrx_word' id='word_1_357' title='bbox 459 3801 606 3860; x_wconf 67' lang='lat' dir='ltr'><strong>Austlorem</strong></span> <span class='ocrx_word' id='word_1_358' title='bbox 731 3873 757 3929; x_wconf 55' lang='lat' dir='ltr'>R</span> <span class='ocrx_word' id='word_1_359' title='bbox 832 3805 836 3812; x_wconf 81' lang='grc'><strong><em>’</em></strong></span> 
     </span>
    </p>

    <p class='ocr_par' dir='ltr' id='par_1_12' title="bbox 611 3880 809 3944">
     <span class='ocr_line' id='line_1_43' title="bbox 611 3880 809 3944; baseline 0 -55"><span class='ocrx_word' id='word_1_360' title='bbox 611 3880 621 3892; x_wconf 85' lang='grc'><strong>..</strong></span> <span class='ocrx_word' id='word_1_361' title='bbox 764 3887 809 3944; x_wconf 62' lang='lat' dir='ltr'><strong>‘l</strong></span> 
     </span>
    </p>
   </div>
   <div class='ocr_carea' id='block_1_9' title="bbox 0 0 1320 4462">
    <p class='ocr_par' dir='ltr' id='par_1_13' title="bbox 0 0 1320 4462">
     <span class='ocr_line' id='line_1_44' title="bbox 0 0 1320 4462; baseline 0 0"><span class='ocrx_word' id='word_1_362' title='bbox 0 0 1320 4462; x_wconf 95' lang='lat' dir='ltr'><strong> </strong></span> 
     </span>
    </p>
   </div>
  </div>
 </body>
</html>
