2616 4462
183 316 194 337 .
289 259 844 338 nannnoArarcnnci:
981 262 1108 365 f737'

71 383 233 476 merum,
265 391 478 473 armorum,
502 380 684 474 telorum,
708 378 969 482 ceterarumque
986 402 1108 458 retum
1148 400 1150 409 ’

70 503 150 554 cum
173 479 457 579 parvo'praestdio
473 479 647 552 habuerat.
680 479 720 552 Id
738 479 922 554 adveniens
943 479 1105 578 potitur,
1152 512 1157 520 <
1196 525 1199 535 .

69 576 432 686 dcipdelldrumetum
450 576 615 674 pervenit.
636 575 723 668 Quo
736 599 847 674 quum
857 575 927 650 fine
944 600 1039 651 mora
1051 576 1103 648 in·
1126 582 1153 652 ι’

68 672 349 765 trotffet,armis,
363 672 540 746 frumento
550 674 763 771 pecuniaque
776 671 1004 764 confiderata,
1023 681 1034 722 ¹
1054 671 1103 768 Q.
1172 679 1177 685 ’

64 769 232 870 Ligario,
256 770 303 842 C.
320 769 591 854 confidiofilio,
616 769 677 869 qui
695 791 771 854 tum
785 769 833 842 ibi
846 768 979 861 fuerat,
994 769 1101 845 vitam

64 865 238 942 concessit.
260 867 398 941 Deinde
416 867 538 941 eodem
552 865 607 940 die
627 868 823 941 Adrumeto
837 867 1013 967 egressus,
1036 864 1102 940 Li·
1128 879 1152 963 3

63 963 179 1039 vincio
206 964 353 1063 Regulo
380 963 428 1035 ibi
452 987 532 1036 curn
555 962 691 1064 legione
713 963 863 1056 relidlo,
886 964 1026 1040 Uticam
1049 965 1102 1037 ire

63 1061 262 1135 contendit:
290 1062 347 1135 cui
365 1060 400 1132 in
414 1060 533 1134 itinere
548 1059 590 1134 lit
606 1061 731 1135 obvius
748 1061 794 1134 L.
811 1060 950 1154 Caesat,
975 1081 990 1116 2
1008 1060 1102 1134 subi-

64 1177 171 1255 toque
183 1158 215 1232 se
224 1158 271 1231 ad
280 1181 391 1259 genua
406 1157 569 1256 projecit:
589 1157 766 1256 vitamque
775 1157 858 1250 fibi,
875 1181 940 1233 nec
952 1158 1101 1257 amplius

63 1257 276 1355 quidquam,
300 1256 514 1355 deprecatur.
538 1254 610 1328 Cui
629 1254 744 1351 Cacsar
759 1253 882 1348 facile,
906 1257 944 1330 &
964 1281 1029 1356 pto
1044 1254 1100 1331 sua
1122 1261 1152 1352 4'

62 1356 230 1429 natura&
246 1351 404 1428 instituto
419 1349 597 1426 concessit:
625 1353 705 1427 item
713 1353 868 1427 Caecinae
882 1411 893 1443 ‚
915 1352 963 1430 C.
973 1352 1107 1444 Ateio‚'

12 1505 14 1508 <
61 1451 106 1528 P.
125 1450 248 1541 Atrio,
271 1451 308 1525 &
327 1450 374 1523 L.
392 1449 505 1523 Cellae
521 1449 609 1548 patri
627 1452 663 1525 ὃ(
680 1449 781 1540 filio,
805 1453 859 1525 Μ.
882 1449 1019 1561 Eppio,
1042 1451 1098 1524 M.

62 1549 221 1646 Aquinio
241 1604 252 1640 ,
277 1547 420 1621 Catonis
437 1546 537 1631 filio,
563 1545 831 1644 Damasippique
849 1547 964 1625 libens
979 1571 1025 1622 ex
1039 1547 1098 1622 sua

62 1646 331 1735 consuetudine,
356 1643 500 1730 tribuit;
523 1641 728 1740 circiterque
748 1642 888 1717 noctem
906 1643 1097 1719 luminibus

59 1742 205 1818 accensis
215 1741 354 1817 Uticam
372 1737 548 1839 pervenit,
564 1759 668 1838 atque
683 1758 779 1842 extra
794 1740 965 1840 oppidum
979 1767 1017 1817 ea
1031 1762 1110 1816 nor

60 1839 117 1914 ete
133 1839 263 1914 mansit.
1023 1852 1025 1855 ’
1246 1923 1248 1928 ,

108 1936 194 2011 XC.
214 1937 357 2012 Postero
366 1934 421 2009 die
439 1934 713 2033 maneoppidum
730 1935 884 2026 introiit3
910 1932 1094 2009 concione·
1122 1961 1148 2008 ι’
1199 1938 1205 1944 ’

60 2057 129 2134 que
154 2035 344 2119 advocata,
368 2030 549 2108 Uticenses
572 2034 699 2108 incolas
722 2036 949 2122 cohortatus,
972 2031 1096 2132 gratias

58 2156 262 2230 procorum
279 2129 391 2204 studio
408 2154 488 2230 erga
503 2130 535 2205 se
547 2130 619 2240 agit
638 2157 648 2220 ;
672 2132 763 2206 cives
780 2152 896 2205 autem
910 2132 1094 2205 Romanos
1117 2128 1147 2212 ,ι’

58 2229 309 2328 negotiatores,
335 2229 372 2300 δε
388 2252 466 2317 eos,
490 2227 551 2327 qui
568 2247 657 2303 mter
675 2254 745 2302 ccc
765 2228 923 2328 pecunias
937 2225 1097 2302 contule-

59 2349 136 2413 rant
151 2328 246 2401 Varo
262 2328 299 2400 bt
314 2325 490 2422 Scipioni,
515 2325 633 2397 multis
649 2327 763 2399 verbis
780 2324 972 2417 accusatos,
996 2326 1034 2399 ὅ(
1050 2323 1095 2398 dc

58 2447 181 2495 eorum
206 2423 387 2497 sceleribus
413 2420 563 2521 longiori
585 2420 696 2495 habita
713 2424 895 2515 oratione,
916 2424 959 2497 ad
981 2444 1095 2496 extre·
1143 2510 1148 2520 Ι

59 2543 183 2609 mum,
206 2540 246 2593 ut
263 2519 330 2594 fine
346 2541 440 2613 metu
456 2519 650 2618 prodirent,
674 2520 800 2596 edicit:
817 2525 910 2614 sacis
927 2522 1094 2592 dumtaxat
1117 2521 1141 2606 3
1207 2606 1208 2611 Ἰ

58 2622 161 2687 vitam
177 2621 403 2707 concessuram,
427 2615 500 2688 bona
511 2617 634 2714 qnidam
650 2628 754 2690 eornm
760 2623 798 2712 fe
813 2618 1036 2708 venditarum,
1051 2625 1095 2688 itu
1126 2662 1153 2733 q

57 2736 186 2799 tantan,
209 2736 242 2782 ut
255 2720 308 2808 qni
321 2741 425 2783 eorum
440 2713 516 2785 bona
527 2715 588 2808 sna
604 2715 787 2810 redemiffet,
805 2718 841 2811 se
856 2716 999 2786 bonorum
1014 2740 1096 2784 ven·

58 2811 205 2881 ditionem
230 2808 421 2879 indusiurum
439 2866 451 2900 ,
475 2828 524 2884 (n
534 2819 697 2910 pecuniam
712 2815 823 2883 mulsia
838 2817 961 2882 nomine
977 2815 1095 2882 relata·⁴

56 2935 146 2994 rum,
170 2930 204 2976 nt
220 2907 458 2978 incolumitatem
473 2914 600 2979 retinere
636 2914 737 3000 offena.
762 2908 903 3004 Quibus
917 2925 1019 2998 metu¹
1032 2931 1093 2981 ex·
1115 2907 1147 2998 4

54 3002 273 3106 sanguibus‚
296 3001 339 3074 de
360 3004 497 3099 vitaque
524 3027 569 3078 erc
592 2931 653 3078 nio
670 3008 860 3103 promerito
885 3003 1098 3104 desperanti·

57 3101 149 3192 bus,
171 3098 285 3176 subito
304 3099 418 3174 oblata
443 3099 572 3191 salute,
600 3101 746 3179 libentes
771 3102 959 3203 cupidique
975 3103 1098 3178 condi.

57 3198 188 3274 tionem
215 3218 422 3302 acceperunt
440 3224 449 3270 ε
475 3197 718 3301 petieruntque
734 3200 754 3275 al
769 3200 906 3276 Caesare
924 3258 937 3293 ,
959 3223 999 3276 ut
1016 3201 1098 3276 uni-

990 3303 1098 3382 versis

49 3438 53 3449 ,
92 3409 116 3446 1.
132 3396 290 3461 QLigan'o,
308 3395 434 3456 ceonfiaio
446 3394 561 3464 filio‚qui
590 3399 645 3451 oles.

53 3462 107 3516 bum
124 3464 152 3508 ilai
164 3461 256 3522 fuerat]
272 3467 303 3516 ln
321 3464 379 3513 aliis
397 3466 438 3527 Q
451 3468 559 3580 Lpgario,
626 3482 652 3516 2.
672 3464 788 3530 dabitque
807 3464 833 3527 se
853 3464 883 3514 ad
900 3480 973 3532 genus
986 3469 1098 3531 proiecit]

58 3538 84 3581 c,
103 3528 192 3586 confidi?
204 3527 271 3588 filio,
287 3543 389 3593 qai-tam
404 3532 454 3582 dcc.
483 3530 515 3581 ed
528 3547 559 3581 ex
592 3535 623 3581 ln
639 3535 693 3582 MS.
709 3535 800 3581 Narnia.
818 3545 865 3598 pto
882 3547 966 3585 vetere
983 3531 1095 3584 scriben-

56 3599 113 3650 MS.
123 3597 213 3642 Narnia.
231 3593 404 3658 reponendum
411 3598 561 3663 QLigario.
593 3596 735 3651 ditatione
757 3598 850 3666 legitur
861 3606 961 3664 protam
985 3598 1093 3650 rescribe

14 3678 17 3685 *
59 3670 84 3712 C.
105 3661 196 3720 Considio
209 3658 277 3719 filio,
293 3663 331 3724 qui
347 3673 395 3707 tum
411 3665 439 3710 ibi
451 3664 561 3723 fuerant,
589 3668 674 3730 projicit
692 3699 700 3723 ‚
716 3663 750 3714 ob
769 3663 844 3723 verba
856 3668 963 3731 prasentia
977 3669 1092 3730 temporis,

52 3724 144 3778 'caesar
176 3727 245 3775 enim
285 3719 397 3801 utrisque
428 3727 563 3783 Adrumeti
584 3729 738 3797 ,quibuscum
751 3746 783 3782 ca
798 3746 851 3790 tos
870 3733 1037 3805 Genucilium
1066 3736 1096 3801 l:

54 3790 258 3872 paenitentibus
266 3802 350 3872 trram
364 3792 495 3872 cancellis.
509 3802 562 3872 pa·
593 3801 651 3870 nm.
710 3865 734 3920 Λ
907 3805 918 3808 ’·
1001 3800 1026 3807 ’”

742 3873 781 3915 28

1137 3656 1152 3686 l
