2616 4462
84 266 217 363 '856'
332 261 528 356 Jouurrrr
558 261 830 335 Scaurorum
861 257 931 333 &o

114 380 171 449 dun
181 422 192 453 ,
211 373 299 455 idest
315 373 444 461 podium
465 372 669 441 Uxelloduni.
690 375 763 460 quia
772 373 813 438 est
823 372 854 436 in
868 372 1151 439 editiffinro&val·'

115 463 155 528 de
171 481 328 547 praerupto
347 463 421 524 loco
437 460 535 526 situm.
568 461 671 529 Locus
689 462 729 524 cll
744 461 775 523 in
792 459 904 522 linibus
918 459 1151 531 Cadurcorum,

115 566 152 615 ut
167 548 270 611 Casar
287 567 406 631 quoque
420 565 528 620 notat,
552 566 650 631 prope
667 545 819 629 oppidum
840 544 1038 608 Martellum.
1070 543 1098 607 F
1099 544 1152 605 lu·

115 651 208 706 men,
229 630 313 713 cujus
330 651 443 695 nomen
458 631 554 695 tacuit
569 633 691 703 caesar,
712 629 752 694 est
763 627 943 693 Dordonia:
967 629 1153 692 horrendum

116 715 238 800 aspedlu
248 716 475 799 precipitium,
496 718 586 799 quale
595 711 940 779 describituraCaesare.
964 713 1152 777 Multaesunt

116 799 165 864 ibi
180 800 314 883 reliquia
330 800 483 864 vetustatis
497 801 682 865 venerandae.
705 798 854 885 Quotidie
868 800 908 862 ab
925 798 1085 862 arantibus
1099 816 1154 859 nu·

116 884 264 949 mismata
282 884 427 955 Romana
441 883 636 950 effodiuntur.
677 884 743 947 Vix
759 884 891 964 reperias
906 883 1052 948 rusticum
1070 927 1080 955 ,
1102 880 1156 966 qui

117 967 157 1046 de
172 969 244 1033 loco
255 970 479 1072 interrogatus,
494 991 555 1034 non
563 970 665 1036 statim
681 968 881 1053 respondeat:
905 968 1045 1032 Castrum
1057 963 1156 1030 Uxel-

117 1053 268 1121 lodunum
283 1054 361 1117 illud
376 1054 394 1118 a'
408 1055 524 1119 Caesate
540 1053 659 1142 magnis
673 1053 819 1137 operibus
835 1072 1041 1136 expugnatum
1060 1048 1155 1114 fuisse.

120 1137 272 1210 Praeterea
289 1137 450 1204 ostendunt
471 1137 590 1206 fontem
608 1183 617 1212 ‚
638 1138 721 1222 cuius
739 1140 823 1202 usum
843 1138 963 1202 obseffis
980 1136 1131 1201 interclus
1144 1170 1157 1185 ·

120 1241 191 1287 rant
207 1222 355 1288 Romani.
398 1220 432 1290 Si
448 1226 564 1307 uspiam
585 1225 749 1309 scriptores
771 1221 857 1302 hujus
876 1222 933 1286 aevi
955 1224 987 1287 in
1010 1219 1157 1285 notandis

120 1325 260 1372 veterum
275 1307 419 1372 locorum
435 1309 698 1392 appellationibus
713 1306 858 1371 hariolati
867 1309 949 1378 sunt,
971 1308 1023 1370 hic
1040 1326 1116 1370 vero
1127 1326 1157 1368 u·

10 1422 13 1426 ·
116 1411 179 1468 ¹trus
192 1391 278 1457 locus
290 1393 350 1474 est,
371 1393 402 1460 iu
417 1413 479 1474 quo
487 1393 594 1463 melius
608 1393 707 1483 fuisset
721 1391 795 1462 illos
808 1390 950 1462 tacuisse:
973 1392 1017 1460 Et
1033 1391 1111 1478 quid
1125 1411 1156 1455 o.

122 1495 185 1564 pue
197 1496 305 1558 eorurn
322 1477 439 1543 somnia
455 1475 593 1552 referre?
894 1529 901 1537 .

135 1574 138 1581 '
168 1559 245 1627 Haec
268 1560 403 1641 pauxilla
418 1559 455 1627 de
477 1562 738 1648 appellationibus
756 1561 897 1627 looorum
917 1565 951 1627 δε
971 1561 1112 1649 gentiunt
1127 1559 1157 1627 in

123 1644 241 1706 cesare
257 1644 468 1709 delibavimus.
515 1650 599 1713 Nam
614 1667 800 1736 quacunque
819 1645 995 1721 omisimus,
1017 1646 1098 1711 adeo
1114 1645 1158 1710 in·

124 1727 287 1822 explorata
302 1731 386 1804 sunt,
407 1749 441 1795 ut
458 1750 577 1801 tantum
589 1732 695 1809 abest,
716 1753 751 1796 ea
767 1753 833 1797 vere
846 1731 1025 1804 retulerint,
1050 1730 1157 1821 quide

27 1858 31 1865 .
120 1811 186 1902 ullis
198 1815 399 1897 scripserunt,
421 1834 454 1882 ut
469 1818 547 1880 mihi
563 1819 678 1883 constet
694 1818 810 1882 nullam
822 1819 907 1901 spem
922 1814 977 1881 elle
992 1817 1033 1880 ad
1050 1837 1157 1881 eorum

123 1895 354 1994 indagationem
376 1902 558 1985 penetrandi.
589 1908 693 1992 Quare
717 1903 748 1974 in
765 1902 871 1970 medio
888 1922 924 1969 ea
938 1901 1158 1988 relinquimus,

124 1986 162 2048 &
176 2002 301 2067 rngeuue
315 1983 447 2059 fatemur
464 2006 521 2063 nos
536 2009 572 2052 ea
586 1991 700 2057 nescite
718 2032 730 2062 ,
752 1986 834 2072 quod
849 2007 915 2052 tant
931 1987 1018 2054 salvo
1039 1987 1159 2072 pudore

124 2064 228 2150 facere
245 2068 419 2155 possumus,
437 2091 532 2163 quarn
545 2073 736 2157 impudenter
753 2072 845 2139 multi
860 2074 890 2135 se
902 2092 938 2136 ea
948 2072 1027 2136 scite
1045 2073 1160 2155 profes·

125 2152 230 2235 slsunt
246 2160 258 2230 3
279 2155 311 2239 in
327 2175 390 2240 quo¹
405 2158 549 2240 exemplo
573 2157 754 2228 temeritatis
771 2157 887 2240 primas
906 2175 989 2221 tenet
1008 2159 1160 2225 Bekkese·

126 2237 213 2304 lenus
226 2257 297 2305 curn
317 2239 602 2336 suoTeutonismo,
624 2266 661 2310 ex
676 2265 738 2337 quo
749 2240 1077 2321 Hebta'isrnunretiam
1088 2266 1161 2335 pro·

129 2323 343 2418 pagttunesse
359 2343 452 2417 purat.
474 2325 537 2408 osulf
558 2327 637 2421 lpse,
