2616 4462
119 239 194 318 600
351 236 399 313 Ο.
423 237 454 334 J.
479 235 700 310 Cosanis
723 232 980 309 Coumnur.

12 372 15 377 ’
75 365 101 440 6
123 356 294 442 sublatus,
310 355 395 428 alter
410 351 676 427 interstelusest.
701 351 787 442 Quo
803 347 915 440 sadlo,
933 371 1047 451 regern
1064 353 1105 422 ut
1118 346 1153 421 in

18 483 20 486 ’
123 453 180 525 sua
197 453 362 550 potestate
377 451 515 525 haberet
534 507 544 540 ,
569 449 684 520 Caesar
698 448 830 536 effecir·,
856 471 1083 548 magnamque
1103 470 1180 517 re·¹

25 578 27 583 ⁴
151 550 221 622 ium
230 575 357 624 nomen
371 549 460 647 apud
472 548 546 620 suos
556 546 790 619 austoritatem
807 546 928 618 habere
942 547 1135 618 existimans
1148 600 1174 633 ,.

122 572 218 721 {tut
241 648 354 743 potius
371 647 504 741 privato
525 666 713 741 paucorum
732 647 768 716 &
795 645 967 715 latronum
983 641 1125 716 cousrlro
1146 696 1158 730 ,

124 767 227 843 quarn
243 743 339 840 regio
356 742 547 838 susceptum
564 739 694 812 bellum
712 740 897 813 videretur.
1061 762 1063 767 ’

81 868 99 918 x
172 840 259 913 CX.
286 842 394 914 Erant
408 862 488 910 eum
501 836 634 909 Achilla
651 839 778 934 copiae,
805 860 844 908 ut
860 861 972 935 neque
986 861 1155 927 numero,

37 1021 58 1046 .
125 961 238 1034 neque
255 960 378 1034 genere
401 934 610 1024 hominum,
631 958 741 1031 neque
760 933 822 1013 usu
841 928 886 1005 rei
903 935 1054 1006 militaris
1073 960 1156 1006 con·

125 1035 320 1107 temnendae
341 1032 550 1105 viderentur.
583 1031 688 1103 millia
706 1031 797 1103 enim
815 1054 870 1102 xx
889 1031 1039 1103 inarmis
1056 1031 1157 1103 habe·

78 1153 104 1208 2
128 1130 196 1203 bat.
224 1129 294 1203 Hae
304 1128 501 1202 constabant
517 1153 560 1202 ex
577 1128 776 1200 Gabinianis
794 1128 960 1199 militibus
978 1152 986 1197 ε
1015 1128 1158 1225 qui‘jam

126 1229 163 1300 in
179 1225 459 1300 consuetudinem
474 1225 716 1302 Alexandrinae
733 1226 814 1298 vitae
829 1248 931 1321 atque
942 1225 1088 1296 licentiae
1101 1250 1159 1297 ve·

127 1345 279 1416 nerant,
303 1327 339 1397 &
357 1346 484 1395 nomen
506 1323 788 1420 disciplinamque
812 1321 1002 1418 populiR.
1026 1321 1159 1394 dedidi-

129 1441 265 1508 cerant,
288 1419 678 1515 uxoresqueduxerant,
699 1418 884 1517 exquibus
902 1417 1056 1514 plerique
1073 1420 1160 1491 libe-

82 1529 105 1614 3
130 1541 185 1590 ros
203 1516 381 1592 habebant.
406 1517 491 1588 Huc
506 1517 709 1590 accedebant
725 1515 861 1588 collesii
879 1540 922 1588 ex
938 1516 1159 1613 praedonibus

130 1613 387 1710 latronibusque
403 1614 530 1714 Syriae,
554 1611 972 1712 Ciliciaequeprovinciae,
998 1612 1160 1683 finitima-

79 1725 107 1805 4
132 1737 278 1810 rumque
296 1712 488 1810 regionum.
522 1709 631 1782 Multi
648 1731 808 1804 practerea
824 1767 840 1801 ,μ
858 1709 973 1808 capitis
989 1709 1160 1800 damnati,

128 1808 314 1906 exulesque
329 1828 559 1881 convenerant
581 1831 589 1878 ε
614 1806 840 1906 fugitivisque
859 1807 1020 1881 omnibus
1038 1807 1160 1881 nostris

127 1925 242 1979 certus
253 1926 324 1978 erat
340 1905 554 1979 Alexandriae
568 1926 746 2000 receptus,
771 1927 929 2004 certaque
944 1904 1025 1977 vitae
1041 1905 1161 1977 condi-

96 2043 98 2048 *
129 2002 200 2085 tio,
227 2025 266 2076 ut
283 2005 364 2075 dato
382 2004 520 2074 nomine
530 2000 679 2073 militum
695 2001 801 2077 client
817 2028 983 2076 numero:
1035 2027 1159 2074 uorum

130 2099 157 2173 fi
181 2098 293 2197 quisi
317 2099 458 2173 domino
474 2098 855 2191 comprehenderetur,
879 2027 1046 2172 concuriu
1071 2097 1160 2167 mili-

130 2197 465 2294 tumeripiebatur‚¹
485 2194 543 2287 qui
553 2194 624 2269 vim
640 2192 800 2283 suorum,
826 2197 919 2291 quod
934 2193 1163 2266 insrrnilicul·

8 2373 9 2376 Ἴ
80 2297 109 2392 '5
132 2318 174 2391 pa
191 2294 429 2381 versabantur,
453 2291 513 2388 ipsi
531 2291 662 2390 prosuo
678 2294 831 2391 periculo
848 2291 1082 2364 defendebant.
1108 2292 1161 2364 Hi

131 2392 387 2491 regumamicos
403 2389 444 2461 ad
462 2411 607 2462 mortem
625 2391 827 2487 deposcere;
851 2388 886 2461 hi
901 2389 992 2463 bona
1008 2389 1162 2486 locuple·

131 2507 208 2560 tum
234 2488 380 2583 diripere
399 2485 554 2583 stipendii
577 2487 726 2586 augendi
749 2485 884 2575 caussa,
907 2487 996 2585 regis
1015 2487 1161 2560 domurn
1225 2544 1226 2547 ,

131 2585 304 2669 obsidere,
331 2605 439 2683 regno
451 2581 734 2682 expellerealios,
759 2583 842 2656 alios
857 2585 1043 2677 accersere,
1068 2607 1162 2660 vete-

133 2799 158 2831 re
168 2782 267 2841 sapirus'3
285 2777 399 2828 dicuntur
408 2779 476 2826 eninr
488 2778 572 2841 sopiri,
590 2777 632 2841 qui
666 2793 724 2835 rro,
748 2779 774 2826 ni
790 2776 884 2838 fallor,
902 2782 994 2847 legitur
1010 2783 1077 2843 Scipio
1092 2781 1163 2826 muira

133 2846 233 2896 aurisii
248 2858 290 2893 aut
307 2842 408 2892 aliunde
423 2857 509 2893 mente
525 2841 632 2892 conster-
667 2847 692 2891 de
700 2859 780 2892 terrore
784 2847 844 2904 suo,
860 2847 953 2904 idest,
969 2862 1043 2911 quem
1054 2841 1161 2892 hostibus

131 2913 189 2964 nati
215 2910 354 2975 deliquium
384 2911 510 2973 patiuntur
536 2912 561 2960 &
588 2924 635 2973 pro
667 2907 797 2960 incussisset
814 2910 874 2978 ipse.
906 2920 939 2961 D.
953 2915 1040 2973 Voffrus.

132 2977 240 3028 mortuis
256 2973 392 3025 concidunt
410 3009 417 3032 ,
434 2987 460 3022 ut
472 2975 587 3038 plurimis
606 2991 634 3022 o·
697 2980 771 3037 lbra]
789 2975 966 3043 Propulsabant
981 2978 1031 3024 vim
1047 2967 1163 3018 suisilla-

130 3041 224 3092 stendit
241 3041 278 3090 vir
298 3037 451 3094 doctissimus
470 3037 631 3091 Observ.lib.
666 3054 730 3097 tam.
763 3047 841 3102 Dictis
856 3040 981 3094 Cretensis
998 3039 1083 3089 lib.'1.
1109 3044 1164 3100 capt¹

132 3121 175 3159 1v.
192 3121 246 3181 cap.
267 3121 336 3155 vrrr.
356 3120 416 3173 pag.
439 3123 493 3157 120.
512 3108 579 3158 Mihi
593 3120 633 3156 ra·
667 3124 705 3159 ιν.
726 3111 756 3158 ob
769 3109 888 3170 injuriam
904 3105 1015 3157 affinium
1033 3139 1041 3163 ,
1056 3118 1108 3166 quas
1122 3105 1165 3162 su·

132 3187 193 3223 men
208 3171 248 3219 hrc
262 3173 395 3241 praeplacet
411 3177 467 3222 alter
486 3186 565 3236 accepto
582 3176 634 3220 vul·
663 3187 705 3237 pra
722 3179 907 3230 memoravimus,
922 3171 1102 3226 consternabatur.
1127 3170 1165 3219 Sic

131 3255 182 3286 nere
199 3239 299 3300 obsopirus
315 3271 323 3293 ‚
340 3237 390 3293 hac
406 3240 475 3290 enim
491 3239 633 3297 coniesiura
667 3243 692 3292 δι
710 3238 755 3289 lib.
775 3255 813 3289 11.
832 3253 956 3304 caparra,
973 3241 1059 3298 injuria
1064 3236 1164 3295 sacerdo-

131 3304 248 3371 proxime
264 3302 389 3352 Codicum
404 3303 447 3354 scri
467 3317 549 3356 turam
565 3319 635 3353 acce·
666 3309 694 3353 ris
710 3303 745 3353 est
759 3305 851 3365 injuria
870 3301 993 3354 sacerdoti
1010 3303 1094 3351 illata.
1129 3303 1164 3350 si-

133 3366 188 3425 dit,
204 3383 284 3431 eaque
294 3383 356 3417 voce
370 3365 425 3419 usus
434 3320 467 3418 eil
483 3373 568 3417 Solinus
579 3385 635 3418 cum
666 3372 723 3418 mili
738 3368 817 3423 modo
835 3370 901 3435 apud
916 3372 1040 3432 Apuleium
1056 3373 1165 3420 Metam.

98 3478 100 3487 ,
118 3433 213 3500 alibi,
229 3446 284 3484 tum
299 3449 422 3501 capam.
441 3435 512 3491 editt.
529 3432 633 3489 Salmas.
667 3434 712 3488 lib.
732 3452 754 3486 1.
770 3450 830 3502 pag.
851 3453 876 3491 9.
901 3442 990 3498 Impune
1003 3437 1028 3496 se
1046 3437 1165 3481 relaturum

89 3509 95 3518 '
132 3505 228 3552 navias.
666 3515 736 3553 meas
752 3501 917 3551 contumelias
929 3513 1002 3564 putat.
1027 3505 1065 3550 De
1084 3497 1166 3561 hujus·

179 3581 201 3619 1.
229 3569 278 3630 Qi
298 3571 346 3615 vim
358 3570 451 3629 suorum
472 3567 636 3626 defendebant]
666 3565 737 3619 modi
762 3566 864 3617 vocibus
882 3567 1014 3632 reciprocis
1040 3564 1098 3614 vide
1123 3569 1163 3613 A.

82 3666 88 3689 1
131 3629 249 3684 lusolens
271 3632 393 3698 loquendi
408 3647 486 3698 genus
501 3666 509 3689 ,
526 3636 574 3678 vim
583 3633 636 3692 suo.
668 3635 763 3680 Gellium
779 3633 856 3685 Nost.
876 3635 955 3684 Attic.
978 3629 1024 3681 lib.
1044 3646 1083 3680 rx.
1108 3642 1164 3677 ca.

132 3713 202 3757 rum,
220 3700 500 3763 pto,vimsuisinlaram.
520 3701 580 3746 Non
591 3695 635 3744 al>-
667 3712 723 3747 xlx.
743 3712 771 3750 ac
787 3697 847 3750 inttl
864 3697 990 3753 adPhaedrr'
1005 3695 1051 3752 lib.
1061 3697 1121 3750 HJ
1156 3730 1167 3759 ,

132 3761 211 3820 simili
225 3764 304 3821 ruodo
320 3764 387 3821 libro
406 3763 437 3820 de
450 3760 521 3819 bellu
537 3760 635 3843 Africa·
665 3777 737 3834 rur.
768 3769 866 3838 panas.
