2616 4462
116 278 195 369 Bit)
382 271 429 350 C.
476 260 995 368 JuALiiCAE'sait‘is'ff

115 392 280 494 quosdam
307 391 436 490 scripfit
460 419 574 471 retum
603 394 757 482 suarum,
783 393 882 468 valde
907 381 1079 489 quidem,
1105 384 1154 460 iis·

140 516 240 582 uam,
263 490 482 590 probandos:
505 492 589 565 nudi
612 492 705 565 enim
729 490 829 581 sunt,
854 488 957 577 redi,
982 489 1022 560 &
1041 510 1157 560 venu-

114 517 177 678 li,
202 589 297 662 omni
321 609 444 663 ornatu
466 589 630 662 orationis
658 609 831 685 tamquam
855 585 950 660 veste
969 581 1153 655 detraetoz

114 685 172 760 sed
188 685 272 759 dum
291 683 404 760 voluit
420 687 502 761 alios
518 686 641 761 lrabere
649 706 759 784 parata
776 685 868 758 unde
882 679 1154 775 sumerent,qui

41 866 44 871 ,
112 782 248 871 ,vellent
265 783 408 856 scribere
433 784 624 867 historiam,
650 785 773 880 ineptis
789 804 926 882 gratum
941 776 1085 851 fortall'e
1102 775 1152 850 fc·

116 880 187 971 cit,
212 881 274 978 qui
290 878 423 954 volunt'
432 881 489 955 illa
504 880 698 954 calamistris
712 882 845 953 inurere
860 906 870 966 3
894 877 990 948 sanos
1007 874 1155 972 quidem

115 978 273 1052 homines
296 976 316 1049 al
337 977 515 1053 scribendo
536 978 729 1069 deterruit,
754 979 822 1052 &o
853 983 907 1047 Ex
925 971 1111 1046 Cicerone
1126 978 1157 1042 iii

113 1079 210 1149 Bruto
228 1097 295 1175 cap.
314 1099 424 1151 uxxv.
920 1132 924 1137 ·

165 1171 212 1244 C.
229 1172 342 1264 Julius
357 1171 471 1246 Caesar
488 1169 779 1271 historiographus
803 1172 1056 1245 Romano-rum
1081 1165 1161 1241 nul·

118 1270 173 1343 lus
193 1269 254 1342 cst.
304 1268 552 1343 Commentarii
578 1269 660 1342 belli
685 1268 833 1356 Gallici,
857 1291 1011 1366 quorum
1034 1264 1080 1336 ad
1098 1291 1159 1339 vos

117 1366 270 1440 manavit
291 1366 432 1464 opinio,
455 1385 588 1438 tantum
611 1369 762 1440 exstant:
796 1375 879 1456 nec',
894 1428 896 1433 .
911 1382 1093 1460 quantum
1118 1362 1159 1435 ad

79 1552 85 1562 ἱ
117 1463 315 1554 historiam,
340 1464 436 1561 quod
458 1486 676 1559 compertum
696 1462 857 1546 habeam,
883 1464 1078 1559 quicquam
1099 1459 1158 1532 ali·

118 1558 188 1632 ud:
216 1584 292 1632 nam
318 1582 504 1634 ceterarum
528 1561 600 1680 ejus
617 1586 731 1636 rerum
756 1560 944 1660 gestarum,
966 1555 1157 1654 postquam

118 1654 210 1729 idem
223 1656 334 1751 Julius
351 1659 456 1740 totius
472 1682 561 1756 pene
573 1659 664 1733 orbis
680 1660 852 1732 causarum
864 1654 1016 1728 molibus
1032 1653 1156 1751 estop-

118 1753 269 1852 preslus,
293 1756 432 1838 Hirtius
445 1757 517 1854 ejus
534 1757 684 1830 notarius
702 1756 737 1826 in
753 1753 1019 1828 commentarios
1034 1751 1155 1824 seriem

120 1849 331 1929 referendam
348 1853 505 1952 suscepit.
527 1858 582 1955 Ea
598 1853 694 1953 Lupi
702 1851 832 1923 Allaria
846 1854 1051 1944 Ferrarienfis
1058 1851 1159 1950 Epist.

121 1971 282 2025 xxxvii.

169 2048 489 2140 QuidOratorum?
514 2045 706 2145 quemhuic
720 2066 904 2143 antepones
919 2067 1068 2125 eorum,
1096 2042 1154 2142 qui

27 2175 39 2230 ,·
120 2144 307 2219 nihilaliud
324 2146 491 2245 egerunt?
516 2145 592 2244 quis
608 2144 779 2218 sententiis
794 2165 852 2217 aut
869 2141 1070 2215 acutioraut
1083 2165 1154 2213 cre·

120 2241 239 2314 brior?
264 2269 340 2341 quis
364 2241 475 2314 verbis
497 2264 555 2321 aut
579 2242 751 2332 ornatior,
776 2262 835 2313 aut
857 2236 1073 2336 elegantior?
1103 2246 1155 2308 Ex

121 2337 293 2414 Cicerone
306 2341 348 2410 acl
368 2340 479 2413 Corn.
496 2341 674 2436 Nepotem
691 2340 771 2440 apud
789 2339 991 2414 Suetonium
1007 2341 1044 2402 in
1060 2339 1155 2429 easa-
1198 2326 1200 2399 i

120 2458 227 2540 recep.
236 2461 296 2509 ιν.
319 2438 401 2506 Vide
415 2438 622 2603 amplifflmam
632 2438 753 2531 Caesaris
768 2435 973 2506 laudationem
984 2435 1073 2529 apud
1085 2432 1155 2504 Pli-

121 2554 219 2623 nium
235 2534 316 2626 Hi'st.
333 2539 414 2604 Nat.
434 2538 459 2602 a
479 2559 580 2606 .vii.
599 2555 667 2635 cap.
686 2555 772 2618 xxv.
792 2531 931 2631 &apud
941 2527 1155 2603 Ciceronem
1198 2558 1200 2605 i

116 2650 176 2729 pro
196 2630 250 2702 M.
269 2628 449 2702 Marcello.

168 2727 237 2800 Sed
260 2727 348 2800 bene
375 2724 538 2824 loquendi
560 2723 609 2796 de·
626 2723 761 2797 Catulis
778 2724 899 2823 opinio
917 2748 986 2796 non
1007 2724 1155 2810 minor;

121 2821 186 2896 sale
198 2850 299 2914 vero,
323 2822 502 2898 &facetiis
519 2821 632 2896 Caesar
649 2822 733 2898 vicit
747 2849 877 2908 omnes.
903 2831 956 2895 Ea
971 2820 1157 2896 Ciceronis

119 2920 174 2991 ul.
192 2923 275 2994 mle
292 2922 381 3015 Offic.
398 2946 465 3023 cap.
484 2945 603 2993 xxxvi
617 2946 646 2992 1.

169 3019 333 3116 Reliquit
359 3021 395 3091 &
420 3043 533 3093 rerum
554 3019 689 3091 suarum
704 3014 982 3091 Commentarios
997 3014 1155 3108 Gallici,

119 3115 299 3214 civilisque
315 3114 638 3213 belli'Pompejani3
658 3140 739 3186 nam
751 3111 997 3198 Alexandrini,
1022 3113 1157 3188 Africi·

119 3236 190 3308 que
207 3214 244 3284 ἃ
266 3211 496 3307 Hispaniensis
507 3215 657 3284 incertus
673 3211 793 3285 audior
808 3210 876 3284 est:
902 3207 956 3278 alii
971 3207 1067 3280 enim
1078 3213 1157 3307 Op.

91 3346 94 3353 ·
119 3309 216 3407 pium
244 3329 385 3403 putant,
409 3309 464 3380 alii
489 3309 670 3380 Hirtium:
698 3311 758 3406 qui
784 3309 884 3380 etiam
912 3302 1042 3375 Gallici
1073 3307 1158 3382 belli

118 3403 365 3490 novissimum,
409 3405 720 3503 imperfedlumque
760 3403 888 3476 librum
929 3401 1157 3499 suppleverit.

117 3505 233 3575 Paullo
247 3505 332 3597 post:
357 3502 471 3575 Pollio
490 3501 629 3576 Asinius
645 3526 764 3598 parum
783 3498 987 3598 diligenter,
1011 3525 1159 3597 parurn·

115 3623 186 3696 que
210 3598 341 3698 integra
366 3600 508 3671 veritate
533 3597 745 3696 compositos
765 3617 881 3695 putat;
906 3622 1013 3695 quum
1034 3600 1158 3674 Caesar

114 3696 329 3799 pleraque&
345 3719 501 3797 quaeper
520 3696 612 3770 alios
630 3714 725 3771 erant
745 3693 838 3798 gesta
852 3715 979 3801 temere
997 3697 1158 3807 credide.

1097 3817 1165 3873 rit:
