2616 4462
163 268 242 378 946
397 234 1018 351 neumanennnnnn.

195 395 269 467 nito
285 389 428 469 Caesaris
449 396 628 488 adventu,
652 397 783 497 legati,
808 387 1105 498 ¹clam1praesidia
1129 391 1210 473 Cn:

165 418 349 590 ἓόιιιρειί,
375 491 545 569 Caesarem
557 520 666 595 quum
677 495 840 585 adissent,
868 518 983 595 petere
994 516 1211 594 coeperunt,

117 598 142 708 '3
167 609 208 664 ut
217 589 279 661 fibi
292 591 405 689 primo
415 616 556 693 quoque
570 617 725 692 tempore
742 593 928 669 subfidium
940 596 1104 671 mitteret.
1121 593 1211 668 Cae-

32 769 35 773 .
112 780 114 784 Ι
166 686 303 771 ferream
318 690 493 764 civitatem
511 693 606 792 omni
623 712 778 792 tempore
793 695 925 791 optime
940 696 982 771 de
999 693 1136 793 populo
1149 692 1207 767 R.

79 804 83 812 ‘
167 787 326 859 meritam
343 787 408 860 esse
422 790 547 881 sciens,
569 815 613 864 ιιι
633 792 795 864 cohortes
813 793 957 866 secunda
972 791 1091 892 vigilia
1104 788 1210 887 jubet

116 908 145 987 4
167 883 367 981 proficisci,
391 887 532 985 parique
553 889 686 989 equites
700 913 844 964 numero
862 917 872 980 ;
896 891 1026 989 quibus
1048 884 1211 985 praefecit

167 999 185 1036 ²
201 981 377 1055 hominem
387 985 459 1082 ejus
470 986 657 1084 provinciae
666 1008 807 1074 notum,
832 991 868 1063 &
880 1013 952 1062 non
967 1011 1088 1085 parurn
1100 985 1209 1059 scien·

165 1096 259 1171 tem,
284 1096 296 1138 ³
316 1078 363 1156 L.
376 1081 508 1175 Julium
526 1086 727 1158 Paciecum:
753 1087 816 1184 qui
833 1086 996 1184 quumad
1013 1083 1085 1156 Cn.
1098 1085 1208 1156 Pom·

163 1176 235 1274 peji
251 1177 406 1274 praefidia
421 1181 584 1274 venisset3
609 1184 727 1257 incidit
745 1184 835 1258 idem
852 1181 1035 1280 temporis,
1060 1200 1101 1254 ut
1118 1201 1208 1255 tern-

164 1273 294 1369 pestate
309 1276 445 1352 adversa
462 1281 726 1379 vehementique
742 1301 850 1355 vento
868 1280 1099 1359 afflistaretur.
1124 1278 1209 1374 Qua

164 1370 206 1445 vi
221 1372 426 1470 tempestatis
444 1376 488 1450 ita
504 1376 771 1468 obscurabatur,
796 1395 835 1451 ut
852 1381 912 1454 vix
930 1377 1134 1478 proximum
1146 1401 1209 1450 co·

116 1486 144 1577 ’ς
167 1467 331 1566 gnoscere
346 1471 467 1568 posset.
491 1474 605 1550 Cu'us
620 1477 880 1549 incommodum
899 1476 1066 1550 summam
1077 1473 1209 1548 utilita-

117 1577 147 1666 5
171 1584 240 1637 tem
253 1565 330 1663 ipfis
344 1571 528 1666 praebebat.
548 1501 728 1672 inquunt
745 1571 786 1646 ad
804 1573 921 1647 locum
938 1591 1113 1648 venerunt
1127 1571 1208 1671 ,ju-

169 1658 229 1735 bet
251 1685 270 1729 4
284 1663 384 1742 binos
400 1670 532 1768 equites
549 1672 732 1762 incedere,
755 1671 793 1744 ὅ(
810 1668 900 1765 reeta
918 1697 979 1770 pet·
995 1669 1206 1743 adversario·

117 1777 145 1872 '7
169 1781 248 1834 rum
272 1765 425 1859 praesrdia
440 1767 480 1840 ad
503 1769 671 1865 oppidum
686 1768 923 1844 contendere:
949 1767 1138 1866 mediisque
1160 1789 1205 1841 ex

167 1858 334 1956 praesidiis
349 1889 458 1963 quum
477 1887 707 1962 quaereretur,
723 1871 896 1962 qniefflnt5
919 1890 1009 1939 unus
1021 1889 1066 1940 ex
1078 1863 1207 1940 nostris

165 1955 367 2058 despondit,
391 1980 403 2022 5
422 1986 456 2034 ut
465 1966 556 2059 fileae
571 1963 700 2036 verbnm
709 1966 839 2057 facere:
861 1991 936 2035 nam
945 1965 981 2034 id
994 1968 1138 2064 temporis
1154 1989 1207 2034 co·

1134 2085 1243 2132 narn·

157 2191 160 2195 '
203 2199 226 2236 ι.
246 2152 306 2235 cun
316 2186 429 2250 praefidie]
446 2189 498 2236 MS.
507 2192 596 2235 Nervrc.
613 2186 669 2230 clam
699 2182 764 2298 Etiat
782 2183 849 2244 Jean.
866 2184 1005 2245 Gedninus,
1029 2184 1073 2250 qui
1089 2181 1205 2237 nostrum

164 2253 273 2314 presidia
281 2254 354 2303 editt.
364 2259 430 2318 Rem.
441 2259 492 2301 Ven.
504 2253 601 2301 Bereasd.
614 2253 669 2297 clam
717 2248 847 2300 arbatismi
862 2249 998 2303 infimulat.
1032 2254 1103 2300 Idem.

163 2330 243 2380 prater
256 2321 371 2380 prefidu3
387 2315 430 2367 sed
445 2318 479 2366 ha
496 2310 630 2369 vatiehtes
639 2330 669 2364 ex
734 2333 757 2372 ι.
774 2321 802 2367 L.
819 2318 911 2375 Jnninm
926 2321 1054 2375 Paeiecum]
1072 2317 1206 2367 Nomine·

168 2395 203 2428 eo
218 2379 273 2431 sunt
288 2398 364 2440 otte,
379 2383 449 2450 quod
457 2383 564 2434 uibranti
580 2387 606 2434 &
617 2381 668 2431 edi-
701 2394 741 2430 tur
757 2379 771 2430 Ξ
788 2387 882 2430 cicerone
898 2380 943 2432 lib.
964 2397 1003 2432 vr.
1021 2386 1093 2432 Fam.
1110 2382 1160 2432 Sed
1174 2385 1205 2439 δι

168 2457 239 2496 tores
256 2451 389 2515 vulgatam
407 2449 544 2499 lectionem
566 2446 590 2498 se
616 2462 668 2496 non
700 2448 728 2496 in
748 2451 830 2496 Valerio
847 2451 947 2495 Maximo
964 2447 1008 2499 lib.
1018 2465 1042 2500 v.
1053 2463 1107 2514 cap.
1120 2463 1161 2498 ιν.
1172 2448 1206 2499 de

168 2510 239 2562 reete
253 2512 362 2565 habuisse
372 2530 504 2579 perperam
512 2513 667 2564 censuerunt.
700 2511 795 2562 duobus
810 2512 928 2563 fratribus
943 2516 1051 2565 Paeiecis
1068 2516 1096 2563 in
1111 2514 1208 2581 Hispa-

167 2580 262 2628 Plautus
278 2582 344 2631 Ptol.
361 2580 454 2645 Amph.
469 2579 505 2630 vs.
523 2597 579 2636 107.
603 2587 626 2627 Is
642 2598 667 2625 e·
700 2580 743 2626 nia
759 2580 825 2627 natis
841 2581 938 2632 mentio
947 2574 990 2631 est.
1005 2576 1116 2631 Fortasse
1135 2584 1207 2643 sefer

167 2661 231 2692 mere
245 2651 326 2709 occoepit
336 2651 486 2694 Alcumenam
500 2647 568 2695 clam
578 2647 668 2694 virum.
700 2642 731 2691 de
746 2645 818 2694 Bello
828 2647 931 2696 Gallico
948 2647 994 2698 lib.
1004 2664 1028 2699 v.
1041 2662 1096 2712 cap.
1108 2662 1206 2701 xxvrr.

165 2708 239 2760 Idem
255 2712 378 2763 Menaech.
396 2712 454 2762 Ast.
476 2728 498 2762 1.
516 2716 551 2761 Se.
566 2727 605 2769 ιι,
622 2728 666 2772 43.
699 2711 740 2774 Q
751 2711 815 2768 Jnnn
831 2730 857 2758 ex
873 2714 978 2778 Hispmie
993 2716 1154 2763 mentionem
1163 2713 1206 2762 fa-

165 2776 244 2826 clam
259 2792 365 2829 uxorem
379 2782 414 2827 nbi
426 2781 668 2843 sepulernmhabeemns
700 2777 784 2833 ciens,
801 2778 914 2842 aliquem
929 2794 960 2828 ex
977 2779 1025 2830 hac
1043 2779 1145 2828 familia
1163 2782 1207 2829 in-

166 2843 218 2894 flue.
236 2849 274 2893 Ac
289 2847 380 2896 iterum
397 2846 455 2895 Mil.
474 2844 548 2895 Glot.
565 2845 623 2894 an.
643 2858 665 2892 1.
698 2843 808 2893 tellexit.
826 2843 975 2911 Legendum
991 2861 1074 2895 autem
1093 2857 1157 2909 puto
1174 2863 1208 2895 ο-

165 2911 204 2957 Sc.
224 2925 246 2968 r,
265 2927 305 2972 ³4·
323 2916 381 2959 clam
393 2926 486 2960 matrem
498 2914 570 2975 suem.
588 2915 666 2958 Teren·
699 2907 799 2958 mnibus
817 2908 857 2957 his
875 2913 902 2959 in
918 2913 983 2962 locis
1000 2915 1103 2961 Paeieces
1120 2941 1127 2963 ι
1146 2925 1208 2972 quae

164 2977 417 3029 einsHee.Ast.1rr.
437 2973 589 3037 sc.111,³'⁶.
607 2979 666 3025 clem
698 2970 757 3024 sane
774 2975 875 3025 familia
891 2975 1016 3042 hodieque
1032 2979 1059 3024 in
1076 2971 1205 3035 Hispania

160 3051 242 3103 pareres
257 3049 342 3091 eveniat
353 3058 439 3108 patrem
447 3059 512 3110 atque
522 3047 573 3093 adeo
585 3061 663 3093 omnes.
697 3039 851 3092 nobiliffima
866 3040 909 3094 est.
927 3047 987 3092 ard.
1004 3044 1094 3087 Manet.

165 3104 206 3153 Sic
223 3108 302 3157 etium
319 3111 460 3162 locutusest
478 3115 574 3160 Valerius
588 3114 665 3158 Maxi·
729 3128 756 3169 4.
774 3113 837 3156 dines
852 3113 932 3172 equites
949 3109 1062 3164 incedere]
1080 3109 1142 3157 Non
1160 3126 1205 3160 re..

164 3184 215 3220 mus
229 3172 274 3225 lib.
285 3190 341 3227 ιιι.
358 3193 412 3245 cap.
424 3193 480 3235 ιιι,
498 3195 522 3239 7.
555 3181 650 3226 Davies.
697 3172 775 3224 fertur
783 3174 815 3224 ad
826 3187 1067 3229 numerumeorurn,
1085 3176 1203 3238 quimit-

199 3254 224 3286 2.
244 3247 357 3291 Hominem
373 3250 419 3306 ejns
438 3249 553 3310 provincie
575 3247 665 3302 nerum]
696 3239 880 3296 rebantut,cui
895 3242 963 3289 enirn
971 3235 1023 3287 usui
1034 3238 1084 3287 duo
1100 3245 1202 3305 equites

165 3304 281 3357 Gnarum
299 3307 341 3361 seu
354 3312 472 3376 peritum.
489 3315 582 3362 Plancus
595 3307 666 3360 Pseu·
696 3304 793 3372 possent
801 3300 918 3354 inservire
928 3310 936 3353 e
945 3317 986 3354 aut
996 3307 1127 3370 quomodo
1136 3326 1202 3375 prz-

164 3367 220 3420 dol.
239 3376 296 3427 Ast,
314 3392 352 3427 lv.
364 3383 399 3427 Sc,
419 3392 459 3436 11,
475 3395 485 3434 3
490 3394 514 3432 9,
531 3381 608 3434 Novi,
618 3391 664 3426 no·
696 3376 749 3423 texi
765 3381 865 3439 poterat
879 3390 912 3420 eos
926 3376 997 3420 eennn'
1007 3375 1036 3420 ed
1052 3393 1141 3423 murum
1159 3397 1202 3426 ac·

164 3436 327 3503 nepaesinae,
344 3443 371 3492 id
386 3441 421 3492 est
436 3477 444 3501 ,
458 3441 601 3493 scientibus.
618 3449 666 3490 Ne·
696 3443 784 3494 cedere,
800 3448 825 3481 κ
840 3441 937 3499 oppedam
951 3450 1066 3502 reperent-²
1084 3449 1201 3497 Denotat

163 3507 214 3552 nius
227 3510 345 3555 ramum
359 3522 419 3573 pag.
430 3525 457 3566 ¹5
462 3527 485 3565 ι.
501 3509 542 3560 ed.
554 3510 662 3560 Plantin.
696 3498 873 3554 solummodo,
890 3503 953 3554 duos
962 3507 1060 3571 equites
1077 3508 1103 3558 in
1112 3507 1201 3577 singu.

162 3574 244 3632 Ignota
258 3607 266 3630 ,
280 3575 303 3620 id
316 3572 345 3632 est
360 3607 368 3631 ,
384 3575 459 3634 inscie.
477 3580 566 3622 Navius
581 3579 663 3634 Lycur·
696 3570 729 3619 lie
752 3566 826 3619 lineis
849 3563 892 3622 seu
914 3569 1043 3623 ordinibus
1068 3572 1201 3631 inceffiffg

158 3653 207 3701 goe
221 3643 318 3705 Ignotae
329 3638 400 3689 iteris
416 3636 498 3688 sumus
516 3674 524 3697 ‚
539 3654 593 3690 tute
606 3636 662 3689 scis.
695 3641 792 3686 unone.

161 3708 244 3763 niune
260 3703 386 3756 cretenfis
407 3703 453 3755 lib.
467 3721 508 3755 vr.
534 3721 588 3773 cap.
604 3721 659 3755 vtr.
729 3719 753 3762 ς.
768 3709 803 3752 ve
814 3706 878 3765 fileae
891 3705 1077 3767 verbnmfncere]
1099 3703 1147 3754 Hic
1164 3706 1201 3758 est

162 3769 355 3838 Notusqueadee
372 3774 517 3832 ejusdemne,
532 3771 663 3824 ubietiam
696 3769 803 3821 audentis
812 3769 972 3833 idiotismus,
988 3785 1064 3839 quern
1079 3783 1202 3823 cumnon

163 3837 249 3907 prima
265 3854 316 3894 vox
331 3835 412 3894 adire
426 3839 527 3909 pontu:
542 3875 552 3908 ,
566 3852 593 3893 ut
609 3840 663 3892 ine·
695 3851 814 3907 caperent
830 3837 940 3895 uibrant
956 3873 966 3903 ‚
989 3840 1018 3894 iu
1031 3839 1085 3892 MS.
1101 3841 1199 3954 Nonqice

1154 3916 1197 3966 fir
