<?xml version="1.0" encoding="UTF-8"?>
<!DOCTYPE html PUBLIC "-//W3C//DTD XHTML 1.0 Transitional//EN"
    "http://www.w3.org/TR/xhtml1/DTD/xhtml1-transitional.dtd">
<html xmlns="http://www.w3.org/1999/xhtml" xml:lang="en" lang="en">
 <head>
  <title>
</title>
<meta http-equiv="Content-Type" content="text/html;charset=utf-8" />
  <meta name='ocr-system' content='tesseract 3.04.00' />
  <meta name='ocr-capabilities' content='ocr_page ocr_carea ocr_par ocr_line ocrx_word'/>
</head>
<body>
  <div class='ocr_page' id='page_1' title='image "./ciuliuscaesarcu00petrgoog_0259.png"; bbox 0 0 2616 4462; ppageno 0'>
   <div class='ocr_carea' id='block_1_1' title="bbox 173 231 1056 320">
    <p class='ocr_par' dir='ltr' id='par_1_1' title="bbox 173 231 1056 320">
     <span class='ocr_line' id='line_1_1' title="bbox 173 231 1056 320; baseline -0.007 -1"><span class='ocrx_word' id='word_1_1' title='bbox 173 234 275 320; x_wconf 78' lang='lat'>&#39;626</span> <span class='ocrx_word' id='word_1_2' title='bbox 427 232 477 308; x_wconf 69' lang='lat' dir='ltr'>&#39;AL</span> <span class='ocrx_word' id='word_1_3' title='bbox 509 231 1056 314; x_wconf 77' lang='lat' dir='ltr'>thrrrconnnnn·</span> 
     </span>
    </p>
   </div>
   <div class='ocr_carea' id='block_1_2' title="bbox 72 353 1253 3674">
    <p class='ocr_par' dir='ltr' id='par_1_2' title="bbox 151 353 1242 946">
     <span class='ocr_line' id='line_1_2' title="bbox 151 353 1241 459; baseline 0.001 -24"><span class='ocrx_word' id='word_1_4' title='bbox 151 365 176 443; x_wconf 83' lang='lat'><em>8</em></span> <span class='ocrx_word' id='word_1_5' title='bbox 200 380 366 459; x_wconf 81' lang='lat' dir='ltr'>magnum</span> <span class='ocrx_word' id='word_1_6' title='bbox 383 380 567 431; x_wconf 88' lang='lat' dir='ltr'>numerum</span> <span class='ocrx_word' id='word_1_7' title='bbox 594 379 715 430; x_wconf 89' lang='lat' dir='ltr'>eorum</span> <span class='ocrx_word' id='word_1_8' title='bbox 733 355 908 431; x_wconf 85' lang='lat' dir='ltr'>interficit.</span> <span class='ocrx_word' id='word_1_9' title='bbox 932 356 1042 456; x_wconf 86' lang='lat' dir='ltr'>Quod</span> <span class='ocrx_word' id='word_1_10' title='bbox 1058 353 1121 430; x_wconf 83' lang='lat' dir='ltr'>nili</span> <span class='ocrx_word' id='word_1_11' title='bbox 1136 355 1241 436; x_wconf 50' lang='lat' dir='ltr'>loco-¹</span> 
     </span>
     <span class='ocr_line' id='line_1_3' title="bbox 199 448 1240 554; baseline -0.001 -22"><span class='ocrx_word' id='word_1_12' title='bbox 199 484 278 533; x_wconf 86' lang='lat' dir='ltr'>rurn</span> <span class='ocrx_word' id='word_1_13' title='bbox 299 448 423 530; x_wconf 89' lang='lat' dir='ltr'>notitia</span> <span class='ocrx_word' id='word_1_14' title='bbox 443 453 568 554; x_wconf 84' lang='lat' dir='ltr'>reliqui</span> <span class='ocrx_word' id='word_1_15' title='bbox 583 453 615 526; x_wconf 86' lang='lat' dir='ltr'>se</span> <span class='ocrx_word' id='word_1_16' title='bbox 629 452 815 547; x_wconf 80' lang='lat' dir='ltr'>tex&#39;ill&#39;ent,</span> <span class='ocrx_word' id='word_1_17' title='bbox 840 455 1034 554; x_wconf 86' lang='lat' dir='ltr'>partimque</span> <span class='ocrx_word' id='word_1_18' title='bbox 1055 454 1091 528; x_wconf 93' lang='lat' dir='ltr'>in</span> <span class='ocrx_word' id='word_1_19' title='bbox 1108 480 1240 545; x_wconf 79' lang='lat' dir='ltr'>naves,</span> 
     </span>
     <span class='ocr_line' id='line_1_4' title="bbox 198 551 1241 655; baseline 0.003 -27"><span class='ocrx_word' id='word_1_20' title='bbox 198 554 327 655; x_wconf 89' lang='lat' dir='ltr'>quibus</span> <span class='ocrx_word' id='word_1_21' title='bbox 342 553 474 629; x_wconf 85' lang='lat' dir='ltr'>flumen</span> <span class='ocrx_word' id='word_1_22' title='bbox 489 551 708 643; x_wconf 78' lang='lat' dir='ltr'>transierant,</span> <span class='ocrx_word' id='word_1_23' title='bbox 729 551 947 650; x_wconf 80' lang='lat' dir='ltr'>recepillent‚</span> <span class='ocrx_word' id='word_1_24' title='bbox 964 551 1120 627; x_wconf 88' lang='lat' dir='ltr'>fund-itus</span> <span class='ocrx_word' id='word_1_25' title='bbox 1129 554 1241 632; x_wconf 86' lang='lat' dir='ltr'>deleti</span> 
     </span>
     <span class='ocr_line' id='line_1_5' title="bbox 196 647 1241 750; baseline 0.004 -24"><span class='ocrx_word' id='word_1_26' title='bbox 196 653 326 726; x_wconf 73' lang='lat' dir='ltr'>client:</span> <span class='ocrx_word' id='word_1_27' title='bbox 351 652 412 750; x_wconf 88' lang='lat' dir='ltr'>qui</span> <span class='ocrx_word' id='word_1_28' title='bbox 430 671 473 726; x_wconf 92' lang='lat' dir='ltr'>ut</span> <span class='ocrx_word' id='word_1_29' title='bbox 489 649 684 750; x_wconf 76' lang='lat' dir='ltr'><strong>paullulum</strong></span> <span class='ocrx_word' id='word_1_30' title='bbox 701 649 744 720; x_wconf 88' lang='lat' dir='ltr'>ab</span> <span class='ocrx_word' id='word_1_31' title='bbox 759 647 822 721; x_wconf 93' lang='lat' dir='ltr'>illo</span> <span class='ocrx_word' id='word_1_32' title='bbox 833 649 999 723; x_wconf 82' lang='lat' dir='ltr'>timorele</span> <span class='ocrx_word' id='word_1_33' title='bbox 1014 674 1241 746; x_wconf 85' lang='lat' dir='ltr'>recrearunt,</span> 
     </span>
     <span class='ocr_line' id='line_1_6' title="bbox 196 745 1242 849; baseline 0.006 -27"><span class='ocrx_word' id='word_1_34' title='bbox 196 748 367 849; x_wconf 74' lang='lat' dir='ltr'>adjundtis</span> <span class='ocrx_word' id='word_1_35' title='bbox 380 749 438 840; x_wconf 90' lang='lat' dir='ltr'>iis,</span> <span class='ocrx_word' id='word_1_36' title='bbox 462 747 524 847; x_wconf 89' lang='lat' dir='ltr'>qui</span> <span class='ocrx_word' id='word_1_37' title='bbox 534 745 849 846; x_wconf 85' lang='lat' dir='ltr'>subsequebantur,</span> <span class='ocrx_word' id='word_1_38' title='bbox 870 747 986 824; x_wconf 89' lang='lat' dir='ltr'>rursus</span> <span class='ocrx_word' id='word_1_39' title='bbox 1002 747 1242 829; x_wconf 80' lang='lat' dir='ltr'>Mithridaten</span> 
     </span>
     <span class='ocr_line' id='line_1_7' title="bbox 195 865 1026 946; baseline -0.012 -24"><span class='ocrx_word' id='word_1_40' title='bbox 195 868 398 946; x_wconf 85' lang='lat' dir='ltr'>oppugnare</span> <span class='ocrx_word' id='word_1_41' title='bbox 412 865 605 946; x_wconf 83' lang='lat' dir='ltr'>coeperunt.</span> <span class='ocrx_word' id='word_1_42' title='bbox 1012 922 1026 941; x_wconf 65' lang='lat'>.</span> 
     </span>
    </p>

    <p class='ocr_par' dir='ltr' id='par_1_3' title="bbox 152 939 1240 1332">
     <span class='ocr_line' id='line_1_8' title="bbox 152 939 1238 1042; baseline 0 -21"><span class='ocrx_word' id='word_1_43' title='bbox 152 973 168 1021; x_wconf 87' lang='lat' dir='ltr'>r</span> <span class='ocrx_word' id='word_1_44' title='bbox 243 943 424 1022; x_wconf 85' lang='lat' dir='ltr'>XXVIII.¹</span> <span class='ocrx_word' id='word_1_45' title='bbox 448 939 846 1018; x_wconf 69' lang='lat' dir='ltr'>MittitnrdMithridate</span> <span class='ocrx_word' id='word_1_46' title='bbox 855 941 1001 1016; x_wconf 89' lang='lat' dir='ltr'>nuncius</span> <span class='ocrx_word' id='word_1_47' title='bbox 1010 941 1238 1042; x_wconf 80' lang='lat' dir='ltr'>Caesari,qui</span> 
     </span>
     <span class='ocr_line' id='line_1_9' title="bbox 194 1036 1239 1140; baseline 0 -24"><span class='ocrx_word' id='word_1_48' title='bbox 194 1066 268 1116; x_wconf 86' lang='lat' dir='ltr'>rem</span> <span class='ocrx_word' id='word_1_49' title='bbox 284 1041 413 1140; x_wconf 82' lang='lat' dir='ltr'>gestam</span> <span class='ocrx_word' id='word_1_50' title='bbox 431 1042 606 1140; x_wconf 84' lang='lat' dir='ltr'>perferret.</span> <span class='ocrx_word' id='word_1_51' title='bbox 630 1036 824 1139; x_wconf 79' lang='lat' dir='ltr'>Cognoscit</span> <span class='ocrx_word' id='word_1_52' title='bbox 834 1061 877 1110; x_wconf 85' lang='lat' dir='ltr'>ex</span> <span class='ocrx_word' id='word_1_53' title='bbox 886 1038 952 1112; x_wconf 91' lang='lat' dir='ltr'>suis</span> <span class='ocrx_word' id='word_1_54' title='bbox 965 1041 1082 1113; x_wconf 87' lang='lat' dir='ltr'>eadem</span> <span class='ocrx_word' id='word_1_55' title='bbox 1094 1041 1170 1115; x_wconf 90' lang='lat' dir='ltr'>haec</span> <span class='ocrx_word' id='word_1_56' title='bbox 1178 1066 1239 1116; x_wconf 82' lang='lat' dir='ltr'>ac-</span> 
     </span>
     <span class='ocr_line' id='line_1_10' title="bbox 193 1137 1240 1237; baseline -0.001 -24"><span class='ocrx_word' id='word_1_57' title='bbox 193 1139 310 1214; x_wconf 82' lang='lat' dir='ltr'>cidill&#39;e</span> <span class='ocrx_word' id='word_1_58' title='bbox 320 1141 419 1214; x_wconf 84' lang='lat' dir='ltr'>Rex.</span> <span class='ocrx_word' id='word_1_59' title='bbox 433 1139 496 1213; x_wconf 84' lang='lat' dir='ltr'>&#39;Ita</span> <span class='ocrx_word' id='word_1_60' title='bbox 510 1163 597 1236; x_wconf 85' lang='lat' dir='ltr'>pene</span> <span class='ocrx_word' id='word_1_61' title='bbox 610 1137 673 1210; x_wconf 90' lang='lat' dir='ltr'>sub</span> <span class='ocrx_word' id='word_1_62' title='bbox 683 1139 775 1209; x_wconf 88' lang='lat' dir='ltr'>idem</span> <span class='ocrx_word' id='word_1_63' title='bbox 790 1156 929 1234; x_wconf 77' lang='lat' dir='ltr'>tempus</span> <span class='ocrx_word' id='word_1_64' title='bbox 940 1137 977 1210; x_wconf 86' lang='lat'>&amp;</span> <span class='ocrx_word' id='word_1_65' title='bbox 987 1161 1050 1212; x_wconf 77' lang='lat' dir='ltr'>rex</span> <span class='ocrx_word' id='word_1_66' title='bbox 1063 1137 1105 1211; x_wconf 89' lang='lat' dir='ltr'>ad</span> <span class='ocrx_word' id='word_1_67' title='bbox 1115 1137 1240 1237; x_wconf 80' lang='lat' dir='ltr'>oppri-</span> 
     </span>
     <span class='ocr_line' id='line_1_11' title="bbox 194 1232 1240 1332; baseline -0.008 -23"><span class='ocrx_word' id='word_1_68' title='bbox 194 1238 362 1312; x_wconf 88' lang='lat' dir='ltr'>mendum</span> <span class='ocrx_word' id='word_1_69' title='bbox 380 1235 610 1310; x_wconf 85' lang='lat' dir='ltr'>Mithridaten</span> <span class='ocrx_word' id='word_1_70' title='bbox 627 1232 888 1332; x_wconf 79' lang='lat' dir='ltr'>proficiscitur,·</span> <span class='ocrx_word' id='word_1_71' title='bbox 901 1234 938 1308; x_wconf 91' lang='lat'>&amp;</span> <span class='ocrx_word' id='word_1_72' title='bbox 955 1232 1074 1309; x_wconf 86' lang='lat' dir='ltr'>Caesar</span> <span class='ocrx_word' id='word_1_73' title='bbox 1087 1235 1129 1308; x_wconf 92' lang='lat' dir='ltr'>ad</span> <span class='ocrx_word' id='word_1_74' title='bbox 1148 1235 1240 1311; x_wconf 88' lang='lat' dir='ltr'>reci.</span> 
     </span>
    </p>

    <p class='ocr_par' dir='ltr' id='par_1_4' title="bbox 147 1329 1239 1725">
     <span class='ocr_line' id='line_1_12' title="bbox 147 1329 1239 1432; baseline 0.004 -27"><span class='ocrx_word' id='word_1_75' title='bbox 147 1368 173 1418; x_wconf 82' lang='lat'>2</span> <span class='ocrx_word' id='word_1_76' title='bbox 196 1334 373 1432; x_wconf 85' lang='lat' dir='ltr'>piendum.</span> <span class='ocrx_word' id='word_1_77' title='bbox 411 1331 588 1405; x_wconf 89' lang='lat' dir='ltr'>Celeriore</span> <span class='ocrx_word' id='word_1_78' title='bbox 604 1329 757 1405; x_wconf 81' lang='lat' dir='ltr'>fluminis</span> <span class='ocrx_word' id='word_1_79' title='bbox 775 1329 856 1403; x_wconf 88' lang='lat' dir='ltr'>Nili</span> <span class='ocrx_word' id='word_1_80' title='bbox 871 1330 1091 1430; x_wconf 80' lang='lat' dir='ltr'>navigatione</span> <span class='ocrx_word' id='word_1_81' title='bbox 1108 1356 1169 1406; x_wconf 87' lang='lat' dir='ltr'>rex</span> <span class='ocrx_word' id='word_1_82' title='bbox 1182 1332 1239 1408; x_wconf 77' lang='lat' dir='ltr'>est</span> 
     </span>
     <span class='ocr_line' id='line_1_13' title="bbox 195 1424 1237 1529; baseline 0.001 -25"><span class='ocrx_word' id='word_1_83' title='bbox 195 1429 295 1521; x_wconf 83' lang='lat' dir='ltr'>usus,</span> <span class='ocrx_word' id='word_1_84' title='bbox 313 1443 326 1481; x_wconf 82' lang='lat'>¹</span> <span class='ocrx_word' id='word_1_85' title='bbox 343 1429 456 1526; x_wconf 92' lang='lat' dir='ltr'>inqua</span> <span class='ocrx_word' id='word_1_86' title='bbox 465 1424 828 1529; x_wconf 76' lang='lat' dir='ltr'>magnam&#39;&amp;paratam-</span> <span class='ocrx_word' id='word_1_87' title='bbox 835 1426 968 1501; x_wconf 83' lang='lat' dir='ltr'>classem</span> <span class='ocrx_word' id='word_1_88' title='bbox 978 1428 1136 1504; x_wconf 87' lang='lat' dir='ltr'>habebat.</span> <span class='ocrx_word' id='word_1_89' title='bbox 1151 1428 1237 1506; x_wconf 84' lang='lat' dir='ltr'>Cae-</span> 
     </span>
     <span class='ocr_line' id='line_1_14' title="bbox 193 1522 1237 1608; baseline 0.001 -8"><span class='ocrx_word' id='word_1_90' title='bbox 193 1530 245 1600; x_wconf 78' lang='lat' dir='ltr'>sar</span> <span class='ocrx_word' id='word_1_91' title='bbox 261 1526 382 1600; x_wconf 87' lang='lat' dir='ltr'>eodem</span> <span class='ocrx_word' id='word_1_92' title='bbox 398 1526 520 1601; x_wconf 85' lang='lat' dir='ltr'>itinere</span> <span class='ocrx_word' id='word_1_93' title='bbox 537 1526 589 1600; x_wconf 91' lang='lat' dir='ltr'>uti</span> <span class='ocrx_word' id='word_1_94' title='bbox 605 1524 739 1608; x_wconf 82' lang='lat' dir='ltr'>noluit,</span> <span class='ocrx_word' id='word_1_95' title='bbox 762 1522 961 1600; x_wconf 83' lang='lat' dir='ltr'>nenavibus</span> <span class='ocrx_word' id='word_1_96' title='bbox 976 1526 1012 1599; x_wconf 92' lang='lat' dir='ltr'>in</span> <span class='ocrx_word' id='word_1_97' title='bbox 1028 1527 1237 1603; x_wconf 80' lang='lat' dir='ltr'>fluminedi-</span> 
     </span>
     <span class='ocr_line' id='line_1_15' title="bbox 194 1621 1236 1725; baseline 0.002 -27"><span class='ocrx_word' id='word_1_98' title='bbox 194 1622 334 1698; x_wconf 83' lang='lat' dir='ltr'>micaret</span> <span class='ocrx_word' id='word_1_99' title='bbox 346 1647 357 1719; x_wconf 65' lang='grc' dir='ltr'>ξ</span> <span class='ocrx_word' id='word_1_100' title='bbox 368 1622 444 1714; x_wconf 89' lang='lat' dir='ltr'>sed,</span> <span class='ocrx_word' id='word_1_101' title='bbox 458 1621 764 1698; x_wconf 70' lang='lat' dir='ltr'>circumvenuseo</span> <span class='ocrx_word' id='word_1_102' title='bbox 779 1622 885 1712; x_wconf 89' lang='lat' dir='ltr'>mari,</span> <span class='ocrx_word' id='word_1_103' title='bbox 909 1624 1004 1725; x_wconf 92' lang='lat' dir='ltr'>quod</span> <span class='ocrx_word' id='word_1_104' title='bbox 1014 1622 1236 1725; x_wconf 82' lang='lat' dir='ltr'>Africaepar-</span> 
     </span>
    </p>

    <p class='ocr_par' dir='ltr' id='par_1_5' title="bbox 120 1718 1239 1822">
     <span class='ocr_line' id='line_1_16' title="bbox 120 1718 1239 1822; baseline 0.004 -27"><span class='ocrx_word' id='word_1_105' title='bbox 120 1756 124 1763; x_wconf 89' lang='lat'><strong>·</strong></span> <span class='ocrx_word' id='word_1_106' title='bbox 194 1721 239 1796; x_wconf 81' lang='lat' dir='ltr'>tis</span> <span class='ocrx_word' id='word_1_107' title='bbox 254 1721 320 1798; x_wconf 80' lang='lat' dir='ltr'>ell’e</span> <span class='ocrx_word' id='word_1_108' title='bbox 343 1721 499 1814; x_wconf 84' lang='lat' dir='ltr'>dicitur,</span> <span class='ocrx_word' id='word_1_109' title='bbox 525 1719 623 1795; x_wconf 89' lang='lat' dir='ltr'>ficuti</span> <span class='ocrx_word' id='word_1_110' title='bbox 645 1718 744 1819; x_wconf 88' lang='lat' dir='ltr'>snpra</span> <span class='ocrx_word' id='word_1_111' title='bbox 770 1719 1080 1796; x_wconf 81' lang='lat' dir='ltr'>demonstravimus</span> <span class='ocrx_word' id='word_1_112' title='bbox 1101 1779 1112 1815; x_wconf 89' lang='lat'>‚</span> <span class='ocrx_word' id='word_1_113' title='bbox 1136 1723 1239 1822; x_wconf 72' lang='lat' dir='ltr'>ptius</span> 
     </span>
    </p>

    <p class='ocr_par' dir='ltr' id='par_1_6' title="bbox 193 1818 1236 1922">
     <span class='ocr_line' id='line_1_17' title="bbox 193 1818 1236 1922; baseline 0.002 -29"><span class='ocrx_word' id='word_1_114' title='bbox 193 1837 309 1894; x_wconf 80' lang='lat' dir='ltr'>tamen</span> <span class='ocrx_word' id='word_1_115' title='bbox 325 1818 413 1918; x_wconf 86' lang='lat' dir='ltr'>regis</span> <span class='ocrx_word' id='word_1_116' title='bbox 430 1819 538 1917; x_wconf 90' lang='lat' dir='ltr'>copiis</span> <span class='ocrx_word' id='word_1_117' title='bbox 553 1819 731 1905; x_wconf 87' lang='lat' dir='ltr'>occurrit,</span> <span class='ocrx_word' id='word_1_118' title='bbox 756 1841 860 1915; x_wconf 89' lang='lat' dir='ltr'>quam</span> <span class='ocrx_word' id='word_1_119' title='bbox 878 1818 905 1893; x_wconf 88' lang='lat' dir='ltr'>is</span> <span class='ocrx_word' id='word_1_120' title='bbox 921 1819 1151 1895; x_wconf 73' lang='lat' dir='ltr'>Mithridaten</span> <span class='ocrx_word' id='word_1_121' title='bbox 1169 1845 1236 1922; x_wconf 83' lang='lat' dir='ltr'>ag·</span> 
     </span>
    </p>

    <p class='ocr_par' dir='ltr' id='par_1_7' title="bbox 105 1913 1236 2017">
     <span class='ocr_line' id='line_1_18' title="bbox 105 1913 1236 2017; baseline 0.004 -28"><span class='ocrx_word' id='word_1_122' title='bbox 105 1913 110 1927; x_wconf 89' lang='grc'><em>’</em></span> <span class='ocrx_word' id='word_1_123' title='bbox 192 1916 293 2016; x_wconf 85' lang='lat' dir='ltr'>gredi</span> <span class='ocrx_word' id='word_1_124' title='bbox 307 1917 435 2017; x_wconf 84' lang='lat' dir='ltr'>pnffet.</span> <span class='ocrx_word' id='word_1_125' title='bbox 460 1942 611 2016; x_wconf 89' lang='lat' dir='ltr'>eumque</span> <span class='ocrx_word' id='word_1_126' title='bbox 624 1916 666 1989; x_wconf 90' lang='lat' dir='ltr'>ad</span> <span class='ocrx_word' id='word_1_127' title='bbox 682 1915 715 1989; x_wconf 92' lang='lat' dir='ltr'>se</span> <span class='ocrx_word' id='word_1_128' title='bbox 730 1913 902 1990; x_wconf 63' lang='lat' dir='ltr'>viatorem</span> <span class='ocrx_word' id='word_1_129' title='bbox 917 1916 1083 2010; x_wconf 89' lang='lat' dir='ltr'>incolumi</span> <span class='ocrx_word' id='word_1_130' title='bbox 1101 1921 1236 1993; x_wconf 86' lang='lat' dir='ltr'>exerci-</span> 
     </span>
    </p>

    <p class='ocr_par' dir='ltr' id='par_1_8' title="bbox 146 2012 1234 2116">
     <span class='ocr_line' id='line_1_19' title="bbox 146 2012 1234 2116; baseline 0.004 -29"><span class='ocrx_word' id='word_1_131' title='bbox 146 2031 169 2116; x_wconf 84' lang='lat'>3</span> <span class='ocrx_word' id='word_1_132' title='bbox 193 2034 233 2089; x_wconf 91' lang='lat' dir='ltr'>tu</span> <span class='ocrx_word' id='word_1_133' title='bbox 249 2016 389 2115; x_wconf 84' lang='lat' dir='ltr'>recepit.</span> <span class='ocrx_word' id='word_1_134' title='bbox 413 2013 626 2090; x_wconf 87' lang='lat' dir='ltr'>Consederat</span> <span class='ocrx_word' id='word_1_135' title='bbox 641 2038 721 2086; x_wconf 91' lang='lat' dir='ltr'>cum</span> <span class='ocrx_word' id='word_1_136' title='bbox 732 2012 839 2110; x_wconf 88' lang='lat' dir='ltr'>copiis</span> <span class='ocrx_word' id='word_1_137' title='bbox 856 2037 915 2086; x_wconf 86' lang='lat' dir='ltr'>rex</span> <span class='ocrx_word' id='word_1_138' title='bbox 926 2014 1005 2088; x_wconf 91' lang='lat' dir='ltr'>loco</span> <span class='ocrx_word' id='word_1_139' title='bbox 1018 2036 1136 2090; x_wconf 88' lang='lat' dir='ltr'>natura</span> <span class='ocrx_word' id='word_1_140' title='bbox 1151 2042 1234 2092; x_wconf 87' lang='lat' dir='ltr'>mu·</span> 
     </span>
    </p>

    <p class='ocr_par' dir='ltr' id='par_1_9' title="bbox 72 2109 1233 2211">
     <span class='ocr_line' id='line_1_20' title="bbox 72 2109 1233 2211; baseline 0.003 -27"><span class='ocrx_word' id='word_1_141' title='bbox 72 2176 76 2184; x_wconf 93' lang='lat'>.</span> <span class='ocrx_word' id='word_1_142' title='bbox 192 2113 289 2205; x_wconf 85' lang='lat' dir='ltr'>nito,</span> <span class='ocrx_word' id='word_1_143' title='bbox 325 2114 394 2187; x_wconf 92' lang='lat' dir='ltr'>uod</span> <span class='ocrx_word' id='word_1_144' title='bbox 410 2112 563 2209; x_wconf 88' lang='lat' dir='ltr'>eratipse</span> <span class='ocrx_word' id='word_1_145' title='bbox 571 2109 761 2198; x_wconf 82' lang='lat' dir='ltr'>excelfior3</span> <span class='ocrx_word' id='word_1_146' title='bbox 775 2109 914 2206; x_wconf 88' lang='lat' dir='ltr'>planitia</span> <span class='ocrx_word' id='word_1_147' title='bbox 921 2136 965 2184; x_wconf 89' lang='lat' dir='ltr'>ex</span> <span class='ocrx_word' id='word_1_148' title='bbox 981 2114 1233 2211; x_wconf 84' lang='lat' dir='ltr'>omnibuspar·</span> 
     </span>
    </p>

    <p class='ocr_par' dir='ltr' id='par_1_10' title="bbox 193 2138 1253 2312">
     <span class='ocr_line' id='line_1_21' title="bbox 193 2138 1253 2312; baseline 0.001 -30"><span class='ocrx_word' id='word_1_149' title='bbox 193 2209 285 2285; x_wconf 87' lang='lat' dir='ltr'>tibus</span> <span class='ocrx_word' id='word_1_150' title='bbox 299 2138 470 2309; x_wconf 60' lang='lat' dir='ltr'>iubjeda:</span> <span class='ocrx_word' id='word_1_151' title='bbox 493 2208 603 2284; x_wconf 87' lang='lat' dir='ltr'>tribus</span> <span class='ocrx_word' id='word_1_152' title='bbox 620 2226 734 2282; x_wconf 87' lang='lat' dir='ltr'>autem</span> <span class='ocrx_word' id='word_1_153' title='bbox 749 2231 793 2280; x_wconf 85' lang='lat' dir='ltr'>ex</span> <span class='ocrx_word' id='word_1_154' title='bbox 811 2206 971 2282; x_wconf 88' lang='lat' dir='ltr'>lateribus</span> <span class='ocrx_word' id='word_1_155' title='bbox 987 2211 1088 2285; x_wconf 85' lang='lat' dir='ltr'>variis</span> <span class='ocrx_word' id='word_1_156' title='bbox 1104 2235 1253 2312; x_wconf 79' lang='lat' dir='ltr'>genere.</span> 
     </span>
    </p>

    <p class='ocr_par' dir='ltr' id='par_1_11' title="bbox 122 2304 1234 2408">
     <span class='ocr_line' id='line_1_22' title="bbox 122 2304 1234 2408; baseline 0.011 -35"><span class='ocrx_word' id='word_1_157' title='bbox 122 2321 171 2402; x_wconf 72' lang='lat'>,4</span> <span class='ocrx_word' id='word_1_158' title='bbox 193 2307 447 2381; x_wconf 84' lang='lat' dir='ltr'>munitionibus</span> <span class='ocrx_word' id='word_1_159' title='bbox 472 2308 663 2406; x_wconf 82' lang='lat' dir='ltr'>tegebatur.</span> <span class='ocrx_word' id='word_1_160' title='bbox 701 2304 827 2380; x_wconf 88' lang='lat' dir='ltr'>Unum</span> <span class='ocrx_word' id='word_1_161' title='bbox 854 2305 942 2380; x_wconf 91' lang='lat' dir='ltr'>latus</span> <span class='ocrx_word' id='word_1_162' title='bbox 966 2327 1037 2381; x_wconf 89' lang='lat' dir='ltr'>erat</span> <span class='ocrx_word' id='word_1_163' title='bbox 1053 2308 1234 2408; x_wconf 72' lang='lat' dir='ltr'>adjeblum</span> 
     </span>
    </p>

    <p class='ocr_par' dir='ltr' id='par_1_12' title="bbox 140 2400 1249 3091">
     <span class='ocr_line' id='line_1_23' title="bbox 190 2400 1232 2506; baseline 0.007 -29"><span class='ocrx_word' id='word_1_164' title='bbox 190 2400 449 2492; x_wconf 80' lang='lat' dir='ltr'>fluminiNi103</span> <span class='ocrx_word' id='word_1_165' title='bbox 472 2404 618 2480; x_wconf 87' lang='lat' dir='ltr'>alterum</span> <span class='ocrx_word' id='word_1_166' title='bbox 630 2401 812 2478; x_wconf 84' lang='lat' dir='ltr'>editiffimo</span> <span class='ocrx_word' id='word_1_167' title='bbox 827 2401 1087 2495; x_wconf 61' lang='lat' dir='ltr'>lemmatum,</span> <span class='ocrx_word' id='word_1_168' title='bbox 1104 2426 1232 2506; x_wconf 89' lang='lat' dir='ltr'>utpar·</span> 
     </span>
     <span class='ocr_line' id='line_1_24' title="bbox 190 2499 1207 2602; baseline 0.004 -26"><span class='ocrx_word' id='word_1_169' title='bbox 190 2521 261 2576; x_wconf 87' lang='lat' dir='ltr'>tem</span> <span class='ocrx_word' id='word_1_170' title='bbox 277 2501 464 2574; x_wconf 89' lang='lat' dir='ltr'>castrorum</span> <span class='ocrx_word' id='word_1_171' title='bbox 481 2501 674 2587; x_wconf 84' lang='lat' dir='ltr'>obtineret3</span> <span class='ocrx_word' id='word_1_172' title='bbox 698 2500 839 2573; x_wconf 88' lang='lat' dir='ltr'>tertium</span> <span class='ocrx_word' id='word_1_173' title='bbox 851 2499 975 2596; x_wconf 87' lang='lat' dir='ltr'>palude</span> <span class='ocrx_word' id='word_1_174' title='bbox 990 2501 1207 2602; x_wconf 86' lang='lat' dir='ltr'>cingebatur.</span> 
     </span>
     <span class='ocr_line' id='line_1_25' title="bbox 141 2595 1235 2692; baseline 0.009 -22"><span class='ocrx_word' id='word_1_175' title='bbox 141 2622 164 2692; x_wconf 70' lang='grc' dir='ltr'>ιι</span> <span class='ocrx_word' id='word_1_176' title='bbox 238 2599 389 2674; x_wconf 87' lang='lat' dir='ltr'>XXIX.</span> <span class='ocrx_word' id='word_1_177' title='bbox 413 2599 509 2672; x_wconf 91' lang='lat' dir='ltr'>Inter</span> <span class='ocrx_word' id='word_1_178' title='bbox 524 2598 630 2671; x_wconf 86' lang='lat' dir='ltr'>castra</span> <span class='ocrx_word' id='word_1_179' title='bbox 645 2596 704 2672; x_wconf 91' lang='lat' dir='ltr'>Re</span> <span class='ocrx_word' id='word_1_180' title='bbox 732 2596 758 2668; x_wconf 87' lang='lat' dir='ltr'>is</span> <span class='ocrx_word' id='word_1_181' title='bbox 772 2596 810 2670; x_wconf 67' lang='grc' dir='ltr'>ὅ(</span> <span class='ocrx_word' id='word_1_182' title='bbox 829 2595 974 2672; x_wconf 85' lang='lat' dir='ltr'>Caesaris</span> <span class='ocrx_word' id='word_1_183' title='bbox 984 2598 1072 2692; x_wconf 85' lang='lat' dir='ltr'>iter,</span> <span class='ocrx_word' id='word_1_184' title='bbox 1095 2601 1235 2680; x_wconf 80' lang='lat' dir='ltr'>flumen</span> 
     </span>
     <span class='ocr_line' id='line_1_26' title="bbox 190 2620 1249 2797; baseline -0.009 -25"><span class='ocrx_word' id='word_1_185' title='bbox 190 2696 421 2773; x_wconf 90' lang='lat' dir='ltr'>intercedebat</span> <span class='ocrx_word' id='word_1_186' title='bbox 441 2695 627 2797; x_wconf 84' lang='lat' dir='ltr'>angustum</span> <span class='ocrx_word' id='word_1_187' title='bbox 647 2752 658 2781; x_wconf 93' lang='lat'><strong>,</strong></span> <span class='ocrx_word' id='word_1_188' title='bbox 680 2620 844 2768; x_wconf 65' lang='lat' dir='ltr'>aliiffimis</span> <span class='ocrx_word' id='word_1_189' title='bbox 860 2694 967 2793; x_wconf 84' lang='lat' dir='ltr'>ripis,</span> <span class='ocrx_word' id='word_1_190' title='bbox 992 2698 1089 2797; x_wconf 89' lang='lat' dir='ltr'>quod</span> <span class='ocrx_word' id='word_1_191' title='bbox 1104 2696 1140 2774; x_wconf 82' lang='lat' dir='ltr'>in</span> <span class='ocrx_word' id='word_1_192' title='bbox 1157 2700 1249 2785; x_wconf 26' lang='lat' dir='ltr'>Ni..</span> 
     </span>
     <span class='ocr_line' id='line_1_27' title="bbox 188 2790 1231 2896; baseline 0.002 -26"><span class='ocrx_word' id='word_1_193' title='bbox 188 2795 266 2872; x_wconf 88' lang='lat' dir='ltr'>lum</span> <span class='ocrx_word' id='word_1_194' title='bbox 287 2794 456 2871; x_wconf 82' lang='lat' dir='ltr'>influebat</span> <span class='ocrx_word' id='word_1_195' title='bbox 480 2821 490 2867; x_wconf 92' lang='lat'>:</span> <span class='ocrx_word' id='word_1_196' title='bbox 514 2793 629 2870; x_wconf 85' lang='lat' dir='ltr'>aberat</span> <span class='ocrx_word' id='word_1_197' title='bbox 645 2813 763 2869; x_wconf 87' lang='lat' dir='ltr'>autem</span> <span class='ocrx_word' id='word_1_198' title='bbox 788 2790 833 2864; x_wconf 88' lang='lat' dir='ltr'>ab</span> <span class='ocrx_word' id='word_1_199' title='bbox 851 2793 964 2896; x_wconf 83' lang='lat' dir='ltr'>Regis</span> <span class='ocrx_word' id='word_1_200' title='bbox 982 2796 1097 2870; x_wconf 88' lang='lat' dir='ltr'>castris</span> <span class='ocrx_word' id='word_1_201' title='bbox 1119 2797 1231 2872; x_wconf 84' lang='lat' dir='ltr'>millia</span> 
     </span>
     <span class='ocr_line' id='line_1_28' title="bbox 140 2891 1229 2992; baseline -0.003 -24"><span class='ocrx_word' id='word_1_202' title='bbox 140 2915 167 2968; x_wconf 84' lang='lat'><em>2</em></span> <span class='ocrx_word' id='word_1_203' title='bbox 190 2893 348 2992; x_wconf 85' lang='lat' dir='ltr'>pall&#39;uum</span> <span class='ocrx_word' id='word_1_204' title='bbox 365 2893 502 2970; x_wconf 88' lang='lat' dir='ltr'>circiter</span> <span class='ocrx_word' id='word_1_205' title='bbox 518 2918 562 2968; x_wconf 86' lang='lat' dir='ltr'>vr</span> <span class='ocrx_word' id='word_1_206' title='bbox 577 2918 607 2969; x_wconf 88' lang='lat' dir='ltr'>t.</span> <span class='ocrx_word' id='word_1_207' title='bbox 629 2893 738 2985; x_wconf 84' lang='lat' dir='ltr'>Rex,</span> <span class='ocrx_word' id='word_1_208' title='bbox 760 2914 871 2990; x_wconf 88' lang='lat' dir='ltr'>quum</span> <span class='ocrx_word' id='word_1_209' title='bbox 890 2891 957 2967; x_wconf 89' lang='lat' dir='ltr'>hoc</span> <span class='ocrx_word' id='word_1_210' title='bbox 971 2892 1093 2981; x_wconf 79' lang='lat' dir='ltr'>itinere</span> <span class='ocrx_word' id='word_1_211' title='bbox 1109 2893 1229 2965; x_wconf 87' lang='lat' dir='ltr'>venire</span> 
     </span>
     <span class='ocr_line' id='line_1_29' title="bbox 188 2986 1229 3091; baseline -0.004 -24"><span class='ocrx_word' id='word_1_212' title='bbox 188 2992 360 3068; x_wconf 85' lang='lat' dir='ltr'>Caesarem</span> <span class='ocrx_word' id='word_1_213' title='bbox 371 2991 606 3091; x_wconf 78' lang='lat' dir='ltr'>comperitlet‚</span> <span class='ocrx_word' id='word_1_214' title='bbox 620 2989 814 3089; x_wconf 88' lang='lat' dir='ltr'>equitatum</span> <span class='ocrx_word' id='word_1_215' title='bbox 829 3012 969 3065; x_wconf 86' lang='lat' dir='ltr'>omnem</span> <span class='ocrx_word' id='word_1_216' title='bbox 978 2986 1229 3085; x_wconf 84' lang='lat' dir='ltr'>expeditosque</span> 
     </span>
    </p>

    <p class='ocr_par' dir='ltr' id='par_1_13' title="bbox 85 3083 1228 3196">
     <span class='ocr_line' id='line_1_30' title="bbox 85 3083 1228 3196; baseline 0.002 -35"><span class='ocrx_word' id='word_1_217' title='bbox 85 3125 87 3129; x_wconf 95' lang='lat'>·</span> <span class='ocrx_word' id='word_1_218' title='bbox 185 3088 338 3165; x_wconf 68' lang='lat' dir='ltr'>delectos</span> <span class='ocrx_word' id='word_1_219' title='bbox 350 3090 483 3187; x_wconf 79' lang='lat' dir='ltr'>pedites</span> <span class='ocrx_word' id='word_1_220' title='bbox 494 3090 536 3165; x_wconf 92' lang='lat' dir='ltr'>ad</span> <span class='ocrx_word' id='word_1_221' title='bbox 555 3091 589 3164; x_wconf 92' lang='lat' dir='ltr'>id</span> <span class='ocrx_word' id='word_1_222' title='bbox 598 3089 729 3164; x_wconf 86' lang='lat' dir='ltr'>flumen</span> <span class='ocrx_word' id='word_1_223' title='bbox 739 3086 851 3180; x_wconf 86' lang='lat' dir='ltr'>mifit,</span> <span class='ocrx_word' id='word_1_224' title='bbox 875 3088 935 3196; x_wconf 87' lang='lat' dir='ltr'>qui</span> <span class='ocrx_word' id='word_1_225' title='bbox 951 3084 1092 3193; x_wconf 82' lang='lat' dir='ltr'>tranfitu</span> <span class='ocrx_word' id='word_1_226' title='bbox 1108 3083 1228 3195; x_wconf 66' lang='lat' dir='ltr'>Caesa*-</span> 
     </span>
    </p>

    <p class='ocr_par' dir='ltr' id='par_1_14' title="bbox 185 3179 1230 3296">
     <span class='ocr_line' id='line_1_31' title="bbox 185 3179 1230 3296; baseline 0.002 -37"><span class='ocrx_word' id='word_1_227' title='bbox 185 3204 259 3262; x_wconf 84' lang='lat' dir='ltr'>rem</span> <span class='ocrx_word' id='word_1_228' title='bbox 272 3188 517 3287; x_wconf 84' lang='lat' dir='ltr'>prohiberent,</span> <span class='ocrx_word' id='word_1_229' title='bbox 539 3189 577 3266; x_wconf 68' lang='grc' dir='ltr'>δι</span> <span class='ocrx_word' id='word_1_230' title='bbox 594 3207 610 3242; x_wconf 83' lang='lat'><em>2</em></span> <span class='ocrx_word' id='word_1_231' title='bbox 630 3187 765 3264; x_wconf 85' lang='lat' dir='ltr'>eminus</span> <span class='ocrx_word' id='word_1_232' title='bbox 781 3209 825 3261; x_wconf 89' lang='lat' dir='ltr'>ex</span> <span class='ocrx_word' id='word_1_233' title='bbox 836 3184 918 3282; x_wconf 78' lang='lat' dir='ltr'>ripis</span> <span class='ocrx_word' id='word_1_234' title='bbox 932 3179 1099 3282; x_wconf 74' lang='lat' dir='ltr'>proelium</span> <span class='ocrx_word' id='word_1_235' title='bbox 1114 3207 1230 3296; x_wconf 76' lang='lat' dir='ltr'>impar</span> 
     </span>
    </p>

    <p class='ocr_par' dir='ltr' id='par_1_15' title="bbox 183 3305 1226 3538">
     <span class='ocr_line' id='line_1_32' title="bbox 1157 3305 1226 3357; baseline 0.058 -4"><span class='ocrx_word' id='word_1_236' title='bbox 1157 3305 1226 3357; x_wconf 85' lang='lat' dir='ltr'>un·</span> 
     </span>
     <span class='ocr_line' id='line_1_33' title="bbox 219 3398 1226 3473; baseline 0.003 -18"><span class='ocrx_word' id='word_1_237' title='bbox 219 3414 287 3458; x_wconf 84' lang='lat' dir='ltr'>r.1n</span> <span class='ocrx_word' id='word_1_238' title='bbox 302 3411 464 3472; x_wconf 70' lang='lat' dir='ltr'>quc&#39;magnam</span> <span class='ocrx_word' id='word_1_239' title='bbox 480 3408 635 3473; x_wconf 69' lang='lat' dir='ltr'>alaparum]</span> <span class='ocrx_word' id='word_1_240' title='bbox 649 3407 687 3459; x_wconf 77' lang='lat' dir='ltr'>Sic</span> <span class='ocrx_word' id='word_1_241' title='bbox 722 3419 796 3460; x_wconf 76' lang='lat' dir='ltr'>voces</span> <span class='ocrx_word' id='word_1_242' title='bbox 816 3398 917 3469; x_wconf 75' lang='lat' dir='ltr'>fluminis</span> <span class='ocrx_word' id='word_1_243' title='bbox 938 3403 985 3452; x_wconf 72' lang='lat' dir='ltr'>Md</span> <span class='ocrx_word' id='word_1_244' title='bbox 999 3399 1035 3454; x_wconf 81' lang='lat' dir='ltr'>est</span> <span class='ocrx_word' id='word_1_245' title='bbox 1051 3399 1226 3458; x_wconf 65' lang='lat' dir='ltr'>tuendum.</span> 
     </span>
     <span class='ocr_line' id='line_1_34' title="bbox 183 3471 816 3538; baseline -0.003 -12"><span class='ocrx_word' id='word_1_246' title='bbox 183 3472 266 3526; x_wconf 68' lang='lat' dir='ltr'>edidit</span> <span class='ocrx_word' id='word_1_247' title='bbox 274 3474 323 3533; x_wconf 78' lang='lat' dir='ltr'>Jos.</span> <span class='ocrx_word' id='word_1_248' title='bbox 332 3477 426 3538; x_wconf 84' lang='lat' dir='ltr'>Scaliger</span> <span class='ocrx_word' id='word_1_249' title='bbox 435 3509 443 3532; x_wconf 91' lang='lat'>,</span> <span class='ocrx_word' id='word_1_250' title='bbox 461 3487 537 3538; x_wconf 86' lang='lat' dir='ltr'>quem</span> <span class='ocrx_word' id='word_1_251' title='bbox 546 3473 622 3525; x_wconf 86' lang='lat' dir='ltr'>secuti</span> <span class='ocrx_word' id='word_1_252' title='bbox 629 3471 688 3525; x_wconf 89' lang='lat' dir='ltr'>sunt</span> <span class='ocrx_word' id='word_1_253' title='bbox 721 3480 816 3524; x_wconf 83' lang='lat' dir='ltr'>Davies.</span> 
     </span>
    </p>

    <p class='ocr_par' dir='ltr' id='par_1_16' title="bbox 184 3536 1227 3602">
     <span class='ocr_line' id='line_1_35' title="bbox 184 3536 1227 3602; baseline -0.009 -10"><span class='ocrx_word' id='word_1_254' title='bbox 184 3540 338 3592; x_wconf 81' lang='lat' dir='ltr'>recentiores</span> <span class='ocrx_word' id='word_1_255' title='bbox 356 3574 363 3598; x_wconf 90' lang='lat'>,</span> <span class='ocrx_word' id='word_1_256' title='bbox 388 3541 469 3588; x_wconf 63' lang='lat' dir='ltr'>ac&#39;ita</span> <span class='ocrx_word' id='word_1_257' title='bbox 483 3536 543 3591; x_wconf 87' lang='lat' dir='ltr'>sane</span> <span class='ocrx_word' id='word_1_258' title='bbox 564 3539 684 3592; x_wconf 83' lang='lat' dir='ltr'>exhibent</span> <span class='ocrx_word' id='word_1_259' title='bbox 752 3557 778 3592; x_wconf 85' lang='lat'>2.</span> <span class='ocrx_word' id='word_1_260' title='bbox 796 3542 888 3589; x_wconf 78' lang='lat' dir='ltr'>Eminus</span> <span class='ocrx_word' id='word_1_261' title='bbox 901 3553 927 3585; x_wconf 84' lang='lat' dir='ltr'>ex</span> <span class='ocrx_word' id='word_1_262' title='bbox 935 3538 987 3601; x_wconf 78' lang='lat' dir='ltr'>ripis</span> <span class='ocrx_word' id='word_1_263' title='bbox 991 3538 1092 3601; x_wconf 75' lang='lat' dir='ltr'>prelium</span> <span class='ocrx_word' id='word_1_264' title='bbox 1101 3536 1227 3602; x_wconf 51' lang='lat' dir='ltr'>imparlnss</span> 
     </span>
    </p>

    <p class='ocr_par' dir='ltr' id='par_1_17' title="bbox 182 3601 1229 3674">
     <span class='ocr_line' id='line_1_36' title="bbox 182 3601 1229 3674; baseline -0.006 -16"><span class='ocrx_word' id='word_1_265' title='bbox 182 3607 259 3658; x_wconf 84' lang='lat' dir='ltr'>editt.</span> <span class='ocrx_word' id='word_1_266' title='bbox 281 3610 348 3674; x_wconf 62' lang='lat' dir='ltr'>Rom.</span> <span class='ocrx_word' id='word_1_267' title='bbox 370 3610 419 3656; x_wconf 86' lang='lat' dir='ltr'>Ven.</span> <span class='ocrx_word' id='word_1_268' title='bbox 438 3608 540 3657; x_wconf 80' lang='lat' dir='ltr'>Beroald.</span> <span class='ocrx_word' id='word_1_269' title='bbox 574 3605 609 3658; x_wconf 78' lang='lat' dir='ltr'>At</span> <span class='ocrx_word' id='word_1_270' title='bbox 628 3610 682 3657; x_wconf 87' lang='lat' dir='ltr'>MS.</span> <span class='ocrx_word' id='word_1_271' title='bbox 719 3610 790 3668; x_wconf 73' lang='lat' dir='ltr'>rent]</span> <span class='ocrx_word' id='word_1_272' title='bbox 815 3601 970 3656; x_wconf 77' lang='lat' dir='ltr'>Caesateauis</span> <span class='ocrx_word' id='word_1_273' title='bbox 994 3616 1048 3653; x_wconf 79' lang='lat' dir='ltr'>erat</span> <span class='ocrx_word' id='word_1_274' title='bbox 1071 3605 1154 3670; x_wconf 66' lang='lat' dir='ltr'>impar</span> <span class='ocrx_word' id='word_1_275' title='bbox 1169 3616 1229 3661; x_wconf 68' lang='lat' dir='ltr'>eo.</span> 
     </span>
    </p>
   </div>
   <div class='ocr_carea' id='block_1_3' title="bbox 173 3668 1225 3864">
    <p class='ocr_par' dir='ltr' id='par_1_18' title="bbox 173 3668 1225 3864">
     <span class='ocr_line' id='line_1_37' title="bbox 173 3668 1225 3739; baseline -0.005 -15"><span class='ocrx_word' id='word_1_276' title='bbox 173 3676 273 3724; x_wconf 73' lang='lat' dir='ltr'>‘Nor-uh.</span> <span class='ocrx_word' id='word_1_277' title='bbox 291 3672 318 3723; x_wconf 76' lang='grc' dir='ltr'>δι</span> <span class='ocrx_word' id='word_1_278' title='bbox 340 3669 416 3722; x_wconf 84' lang='lat' dir='ltr'>editt.</span> <span class='ocrx_word' id='word_1_279' title='bbox 438 3674 510 3734; x_wconf 74' lang='lat' dir='ltr'>suph.</span> <span class='ocrx_word' id='word_1_280' title='bbox 528 3677 620 3739; x_wconf 81' lang='lat' dir='ltr'>inquo</span> <span class='ocrx_word' id='word_1_281' title='bbox 635 3689 694 3719; x_wconf 61' lang='lat' dir='ltr'>mar</span> <span class='ocrx_word' id='word_1_282' title='bbox 737 3670 788 3722; x_wconf 90' lang='lat' dir='ltr'>uod</span> <span class='ocrx_word' id='word_1_283' title='bbox 804 3687 836 3723; x_wconf 81' lang='lat' dir='ltr'>ex</span> <span class='ocrx_word' id='word_1_284' title='bbox 853 3674 918 3723; x_wconf 83' lang='lat' dir='ltr'>locis</span> <span class='ocrx_word' id='word_1_285' title='bbox 930 3668 1091 3722; x_wconf 86' lang='lat' dir='ltr'>inferioribus</span> <span class='ocrx_word' id='word_1_286' title='bbox 1105 3682 1225 3737; x_wconf 75' lang='lat' dir='ltr'>pugnau-</span> 
     </span>
     <span class='ocr_line' id='line_1_38' title="bbox 178 3687 1225 3864; baseline -0.009 -71"><span class='ocrx_word' id='word_1_287' title='bbox 178 3756 248 3864; x_wconf 49' lang='grc' dir='ltr'>εἴη</span> <span class='ocrx_word' id='word_1_288' title='bbox 261 3740 289 3792; x_wconf 79' lang='lat' dir='ltr'>d·</span> <span class='ocrx_word' id='word_1_289' title='bbox 300 3753 414 3802; x_wconf 77' lang='lat' dir='ltr'>paratam.</span> <span class='ocrx_word' id='word_1_290' title='bbox 428 3741 514 3803; x_wconf 74' lang='lat' dir='ltr'>Atque</span> <span class='ocrx_word' id='word_1_291' title='bbox 523 3740 561 3789; x_wconf 85' lang='lat' dir='ltr'>ita</span> <span class='ocrx_word' id='word_1_292' title='bbox 576 3738 630 3789; x_wconf 86' lang='lat' dir='ltr'>fine</span> <span class='ocrx_word' id='word_1_293' title='bbox 640 3736 685 3787; x_wconf 91' lang='lat' dir='ltr'>du·</span> <span class='ocrx_word' id='word_1_294' title='bbox 718 3687 780 3790; x_wconf 65' lang='lat' dir='ltr'>dum</span> <span class='ocrx_word' id='word_1_295' title='bbox 795 3740 918 3791; x_wconf 82' lang='lat' dir='ltr'>illiserat</span> <span class='ocrx_word' id='word_1_296' title='bbox 934 3735 1050 3789; x_wconf 79' lang='lat' dir='ltr'>adversus</span> <span class='ocrx_word' id='word_1_297' title='bbox 1071 3737 1155 3804; x_wconf 81' lang='lat' dir='ltr'>regios</span> <span class='ocrx_word' id='word_1_298' title='bbox 1170 3735 1225 3785; x_wconf 83' lang='lat' dir='ltr'>rni-</span> 
     </span>
    </p>
   </div>
   <div class='ocr_carea' id='block_1_4' title="bbox 243 3799 1227 3920">
    <p class='ocr_par' dir='ltr' id='par_1_19' title="bbox 243 3799 1227 3920">
     <span class='ocr_line' id='line_1_39' title="bbox 243 3799 1227 3920; baseline -0.004 -56"><span class='ocrx_word' id='word_1_299' title='bbox 243 3805 408 3875; x_wconf 71' lang='lat' dir='ltr'>lrtcndatu,</span> <span class='ocrx_word' id='word_1_300' title='bbox 425 3818 544 3876; x_wconf 66' lang='lat' dir='ltr'>pomnen</span> <span class='ocrx_word' id='word_1_301' title='bbox 564 3807 636 3865; x_wconf 78' lang='lat' dir='ltr'>enim</span> <span class='ocrx_word' id='word_1_302' title='bbox 652 3803 686 3862; x_wconf 78' lang='lat' dir='ltr'>ad</span> <span class='ocrx_word' id='word_1_303' title='bbox 719 3808 799 3873; x_wconf 70' lang='lat' dir='ltr'>liter,</span> <span class='ocrx_word' id='word_1_304' title='bbox 812 3807 857 3878; x_wconf 77' lang='lat' dir='ltr'>qu</span> <span class='ocrx_word' id='word_1_305' title='bbox 870 3805 1011 3866; x_wconf 73' lang='lat' dir='ltr'>neuma</span> <span class='ocrx_word' id='word_1_306' title='bbox 1024 3804 1085 3869; x_wconf 74' lang='lat' dir='ltr'>loeo</span> <span class='ocrx_word' id='word_1_307' title='bbox 1100 3799 1227 3920; x_wconf 37' lang='lat' dir='ltr'>mastiter}</span> 
     </span>
    </p>
   </div>
   <div class='ocr_carea' id='block_1_5' title="bbox 0 0 1312 4462">
    <p class='ocr_par' dir='ltr' id='par_1_20' title="bbox 0 0 1312 4462">
     <span class='ocr_line' id='line_1_40' title="bbox 0 0 1312 4462; baseline 0 6"><span class='ocrx_word' id='word_1_308' title='bbox 0 0 1312 4462; x_wconf 95' lang='lat' dir='ltr'> </span> 
     </span>
    </p>
   </div>
  </div>
 </body>
</html>
