<?xml version="1.0" encoding="UTF-8"?>
<!DOCTYPE html PUBLIC "-//W3C//DTD XHTML 1.0 Transitional//EN"
    "http://www.w3.org/TR/xhtml1/DTD/xhtml1-transitional.dtd">
<html xmlns="http://www.w3.org/1999/xhtml" xml:lang="en" lang="en">
 <head>
  <title>
</title>
<meta http-equiv="Content-Type" content="text/html;charset=utf-8" />
  <meta name='ocr-system' content='tesseract 3.04.00' />
  <meta name='ocr-capabilities' content='ocr_page ocr_carea ocr_par ocr_line ocrx_word'/>
</head>
<body>
  <div class='ocr_page' id='page_1' title='image "./ciuliuscaesarcu00petrgoog/ciuliuscaesarcu00petrgoog_0353.png"; bbox 0 0 2616 4462; ppageno 0'>
   <div class='ocr_carea' id='block_1_1' title="bbox 217 228 1069 354">
    <p class='ocr_par' dir='ltr' id='par_1_1' title="bbox 217 228 1069 354">
     <span class='ocr_line' id='line_1_1' title="bbox 217 228 1069 354; baseline 0 -26"><span class='ocrx_word' id='word_1_1' title='bbox 217 228 294 354; x_wconf 73' lang='grc' dir='ltr'>Ι730</span> <span class='ocrx_word' id='word_1_2' title='bbox 435 236 1069 329; x_wconf 63' lang='grc' dir='ltr'>Α.-ΗιιιτίιΟοΜΜΕΝτ.</span> 
     </span>
    </p>
   </div>
   <div class='ocr_carea' id='block_1_2' title="bbox 152 375 1262 3469">
    <p class='ocr_par' dir='ltr' id='par_1_2' title="bbox 216 375 1262 481">
     <span class='ocr_line' id='line_1_2' title="bbox 216 375 1262 481; baseline -0.001 -28"><span class='ocrx_word' id='word_1_3' title='bbox 216 382 295 468; x_wconf 88' lang='lat' dir='ltr'>cie,</span> <span class='ocrx_word' id='word_1_4' title='bbox 319 398 397 454; x_wconf 91' lang='lat' dir='ltr'>ante</span> <span class='ocrx_word' id='word_1_5' title='bbox 420 380 489 479; x_wconf 92' lang='lat' dir='ltr'>ipsa</span> <span class='ocrx_word' id='word_1_6' title='bbox 505 404 635 453; x_wconf 86' lang='lat' dir='ltr'>cornua</span> <span class='ocrx_word' id='word_1_7' title='bbox 649 378 763 481; x_wconf 91' lang='lat' dir='ltr'>quinis</span> <span class='ocrx_word' id='word_1_8' title='bbox 779 378 981 454; x_wconf 81' lang='lat' dir='ltr'>cohortibus</span> <span class='ocrx_word' id='word_1_9' title='bbox 998 399 1118 452; x_wconf 88' lang='lat' dir='ltr'>contra</span> <span class='ocrx_word' id='word_1_10' title='bbox 1133 375 1262 452; x_wconf 82' lang='lat' dir='ltr'>bestias</span> 
     </span>
    </p>

    <p class='ocr_par' dir='ltr' id='par_1_3' title="bbox 153 476 1259 869">
     <span class='ocr_line' id='line_1_3' title="bbox 153 476 1259 577; baseline -0.001 -28"><span class='ocrx_word' id='word_1_11' title='bbox 153 494 156 499; x_wconf 84' lang='grc'><strong>’</strong></span> <span class='ocrx_word' id='word_1_12' title='bbox 217 478 417 569; x_wconf 89' lang='lat' dir='ltr'>collocatis,</span> <span class='ocrx_word' id='word_1_13' title='bbox 438 476 642 577; x_wconf 86' lang='lat' dir='ltr'>sagittariis,</span> <span class='ocrx_word' id='word_1_14' title='bbox 664 477 900 551; x_wconf 88' lang='lat' dir='ltr'>funditoribus</span> <span class='ocrx_word' id='word_1_15' title='bbox 917 480 953 550; x_wconf 93' lang='lat' dir='ltr'>in</span> <span class='ocrx_word' id='word_1_16' title='bbox 971 479 1122 576; x_wconf 74' lang='lat' dir='ltr'>utrisque</span> <span class='ocrx_word' id='word_1_17' title='bbox 1137 476 1259 549; x_wconf 92' lang='lat' dir='ltr'>corni-</span> 
     </span>
     <span class='ocr_line' id='line_1_4' title="bbox 218 573 1259 674; baseline 0 -28"><span class='ocrx_word' id='word_1_18' title='bbox 218 573 285 647; x_wconf 91' lang='lat' dir='ltr'>bus</span> <span class='ocrx_word' id='word_1_19' title='bbox 300 575 467 674; x_wconf 81' lang='lat' dir='ltr'>dispositis</span> <span class='ocrx_word' id='word_1_20' title='bbox 483 631 495 664; x_wconf 96' lang='lat'>,</span> <span class='ocrx_word' id='word_1_21' title='bbox 517 574 658 673; x_wconf 92' lang='lat' dir='ltr'>levique</span> <span class='ocrx_word' id='word_1_22' title='bbox 675 596 844 648; x_wconf 88' lang='lat' dir='ltr'>armatura</span> <span class='ocrx_word' id='word_1_23' title='bbox 857 577 948 648; x_wconf 89' lang='lat' dir='ltr'>inter</span> <span class='ocrx_word' id='word_1_24' title='bbox 963 574 1094 672; x_wconf 84' lang='lat' dir='ltr'>equites</span> <span class='ocrx_word' id='word_1_25' title='bbox 1110 573 1259 672; x_wconf 87' lang='lat' dir='ltr'>interje-</span> 
     </span>
     <span class='ocr_line' id='line_1_5' title="bbox 217 670 1258 771; baseline 0 -27"><span class='ocrx_word' id='word_1_26' title='bbox 217 671 291 757; x_wconf 68' lang='lat' dir='ltr'>cta,</span> <span class='ocrx_word' id='word_1_27' title='bbox 312 674 383 770; x_wconf 90' lang='lat' dir='ltr'>ipse</span> <span class='ocrx_word' id='word_1_28' title='bbox 399 671 544 771; x_wconf 89' lang='lat' dir='ltr'>pedibus</span> <span class='ocrx_word' id='word_1_29' title='bbox 553 672 684 745; x_wconf 90' lang='lat' dir='ltr'>circum</span> <span class='ocrx_word' id='word_1_30' title='bbox 702 674 827 748; x_wconf 86' lang='lat' dir='ltr'><strong>milites</strong></span> <span class='ocrx_word' id='word_1_31' title='bbox 843 674 1069 761; x_wconf 75' lang='lat' dir='ltr'>concutiens,</span> <span class='ocrx_word' id='word_1_32' title='bbox 1092 670 1258 744; x_wconf 90' lang='lat' dir='ltr'>virtutes·</span> 
     </span>
     <span class='ocr_line' id='line_1_6' title="bbox 218 769 1257 869; baseline 0 -27"><span class='ocrx_word' id='word_1_33' title='bbox 218 793 289 866; x_wconf 91' lang='lat' dir='ltr'>que</span> <span class='ocrx_word' id='word_1_34' title='bbox 302 792 564 859; x_wconf 86' lang='lat' dir='ltr'>veteranorum,</span> <span class='ocrx_word' id='word_1_35' title='bbox 581 769 770 869; x_wconf 88' lang='lat' dir='ltr'>proeliaque</span> <span class='ocrx_word' id='word_1_36' title='bbox 787 770 958 869; x_wconf 85' lang='lat' dir='ltr'>superiora</span> <span class='ocrx_word' id='word_1_37' title='bbox 966 792 1257 860; x_wconf 86' lang='lat' dir='ltr'>commemorans,</span> 
     </span>
    </p>

    <p class='ocr_par' dir='ltr' id='par_1_4' title="bbox 167 865 1257 1158">
     <span class='ocr_line' id='line_1_7' title="bbox 167 865 1257 966; baseline 0.001 -27"><span class='ocrx_word' id='word_1_38' title='bbox 167 870 195 939; x_wconf 82' lang='lat'>&#39;2</span> <span class='ocrx_word' id='word_1_39' title='bbox 218 866 413 966; x_wconf 84' lang='lat' dir='ltr'>blandeque</span> <span class='ocrx_word' id='word_1_40' title='bbox 434 866 635 964; x_wconf 82' lang='lat' dir='ltr'>appellans,</span> <span class='ocrx_word' id='word_1_41' title='bbox 657 870 788 942; x_wconf 88' lang='lat' dir='ltr'>animos</span> <span class='ocrx_word' id='word_1_42' title='bbox 803 893 924 942; x_wconf 91' lang='lat' dir='ltr'>eorum</span> <span class='ocrx_word' id='word_1_43' title='bbox 939 865 1118 940; x_wconf 87' lang='lat' dir='ltr'>excitabat.</span> <span class='ocrx_word' id='word_1_44' title='bbox 1143 867 1257 940; x_wconf 85' lang='lat' dir='ltr'>Tiro·</span> 
     </span>
     <span class='ocr_line' id='line_1_8' title="bbox 218 963 1254 1064; baseline 0.001 -27"><span class='ocrx_word' id='word_1_45' title='bbox 218 990 281 1038; x_wconf 90' lang='lat' dir='ltr'>nes</span> <span class='ocrx_word' id='word_1_46' title='bbox 295 988 409 1039; x_wconf 82' lang='lat' dir='ltr'>autem</span> <span class='ocrx_word' id='word_1_47' title='bbox 427 1022 438 1055; x_wconf 93' lang='lat'>,</span> <span class='ocrx_word' id='word_1_48' title='bbox 461 964 523 1062; x_wconf 91' lang='lat' dir='ltr'>qui</span> <span class='ocrx_word' id='word_1_49' title='bbox 540 989 717 1064; x_wconf 89' lang='lat' dir='ltr'>nunquam</span> <span class='ocrx_word' id='word_1_50' title='bbox 734 968 769 1039; x_wconf 94' lang='lat' dir='ltr'>in</span> <span class='ocrx_word' id='word_1_51' title='bbox 792 967 863 1039; x_wconf 86' lang='lat' dir='ltr'>acie</span> <span class='ocrx_word' id='word_1_52' title='bbox 878 965 1114 1053; x_wconf 84' lang='lat' dir='ltr'>dimicass&#39;ent,</span> <span class='ocrx_word' id='word_1_53' title='bbox 1135 963 1254 1038; x_wconf 85' lang='lat' dir='ltr'>horta·</span> 
     </span>
     <span class='ocr_line' id='line_1_9' title="bbox 218 1061 1255 1158; baseline -0.005 -24"><span class='ocrx_word' id='word_1_54' title='bbox 218 1061 351 1153; x_wconf 70' lang='lat' dir='ltr'>batur,</span> <span class='ocrx_word' id='word_1_55' title='bbox 375 1089 409 1133; x_wconf 85' lang='lat' dir='ltr'>ut</span> <span class='ocrx_word' id='word_1_56' title='bbox 424 1085 639 1133; x_wconf 82' lang='lat' dir='ltr'>veteranarum</span> <span class='ocrx_word' id='word_1_57' title='bbox 660 1070 809 1136; x_wconf 83' lang='lat' dir='ltr'>virtutem</span> <span class='ocrx_word' id='word_1_58' title='bbox 826 1068 1067 1151; x_wconf 79' lang='lat' dir='ltr'>amularentur,</span> <span class='ocrx_word' id='word_1_59' title='bbox 1090 1088 1255 1158; x_wconf 72' lang='lat' dir='ltr'>eorumque</span> 
     </span>
    </p>

    <p class='ocr_par' dir='ltr' id='par_1_5' title="bbox 156 1159 1254 1327">
     <span class='ocr_line' id='line_1_10' title="bbox 156 1159 1254 1327; baseline -0.003 -98"><span class='ocrx_word' id='word_1_60' title='bbox 156 1181 158 1186; x_wconf 67' lang='grc'><strong>“</strong></span> <span class='ocrx_word' id='word_1_61' title='bbox 209 1162 360 1327; x_wconf 50' lang='lat' dir='ltr'>me,</span> <span class='ocrx_word' id='word_1_62' title='bbox 383 1187 491 1231; x_wconf 84' lang='lat' dir='ltr'>nomen</span> <span class='ocrx_word' id='word_1_63' title='bbox 512 1163 699 1256; x_wconf 83' lang='lat' dir='ltr'>locumque,</span> <span class='ocrx_word' id='word_1_64' title='bbox 722 1166 852 1233; x_wconf 70' lang='lat' dir='ltr'>villaria</span> <span class='ocrx_word' id='word_1_65' title='bbox 863 1183 979 1262; x_wconf 84' lang='lat' dir='ltr'>parta,</span> <span class='ocrx_word' id='word_1_66' title='bbox 1001 1181 1148 1259; x_wconf 82' lang='lat' dir='ltr'>cuperent</span> <span class='ocrx_word' id='word_1_67' title='bbox 1159 1159 1254 1261; x_wconf 79' lang='lat' dir='ltr'>poffi·</span> 
     </span>
    </p>

    <p class='ocr_par' dir='ltr' id='par_1_6' title="bbox 271 1286 297 1326">
     <span class='ocr_line' id='line_1_11' title="bbox 271 1286 297 1326; baseline -0.038 0"><span class='ocrx_word' id='word_1_68' title='bbox 271 1286 297 1326; x_wconf 77' lang='grc' dir='ltr'>θ.</span> 
     </span>
    </p>

    <p class='ocr_par' dir='ltr' id='par_1_7' title="bbox 152 1350 1254 1744">
     <span class='ocr_line' id='line_1_12' title="bbox 152 1350 1254 1452; baseline -0.004 -25"><span class='ocrx_word' id='word_1_69' title='bbox 152 1368 191 1416; x_wconf 90' lang='lat'>·1</span> <span class='ocrx_word' id='word_1_70' title='bbox 265 1351 466 1427; x_wconf 87' lang='lat' dir='ltr'><strong>LXXXII.</strong></span> <span class='ocrx_word' id='word_1_71' title='bbox 489 1353 610 1452; x_wconf 83' lang='lat' dir='ltr'>Itaque</span> <span class='ocrx_word' id='word_1_72' title='bbox 626 1355 661 1428; x_wconf 91' lang='lat' dir='ltr'>in</span> <span class='ocrx_word' id='word_1_73' title='bbox 681 1353 930 1428; x_wconf 88' lang='lat' dir='ltr'>circumeundo</span> <span class='ocrx_word' id='word_1_74' title='bbox 940 1352 1156 1444; x_wconf 85' lang='lat' dir='ltr'>exercitum,</span> <span class='ocrx_word' id='word_1_75' title='bbox 1181 1350 1254 1424; x_wconf 85' lang='lat' dir='ltr'>ani·</span> 
     </span>
     <span class='ocr_line' id='line_1_13' title="bbox 217 1450 1252 1551; baseline 0 -28"><span class='ocrx_word' id='word_1_76' title='bbox 217 1451 404 1525; x_wconf 89' lang='lat' dir='ltr'>madvertit</span> <span class='ocrx_word' id='word_1_77' title='bbox 421 1452 533 1524; x_wconf 88' lang='lat' dir='ltr'>hostes</span> <span class='ocrx_word' id='word_1_78' title='bbox 556 1453 644 1524; x_wconf 90' lang='lat' dir='ltr'>eirca</span> <span class='ocrx_word' id='word_1_79' title='bbox 661 1452 790 1526; x_wconf 91' lang='lat' dir='ltr'>vallum</span> <span class='ocrx_word' id='word_1_80' title='bbox 809 1453 977 1551; x_wconf 85' lang='lat' dir='ltr'>trepidate</span> <span class='ocrx_word' id='word_1_81' title='bbox 997 1509 1008 1542; x_wconf 95' lang='lat'>,</span> <span class='ocrx_word' id='word_1_82' title='bbox 1032 1470 1136 1548; x_wconf 92' lang='lat' dir='ltr'>atque</span> <span class='ocrx_word' id='word_1_83' title='bbox 1155 1450 1252 1523; x_wconf 89' lang='lat' dir='ltr'>ultro</span> 
     </span>
     <span class='ocr_line' id='line_1_14' title="bbox 218 1548 1251 1647; baseline -0.001 -27"><span class='ocrx_word' id='word_1_84' title='bbox 218 1548 380 1647; x_wconf 89' lang='lat' dir='ltr'>citroque</span> <span class='ocrx_word' id='word_1_85' title='bbox 398 1550 539 1646; x_wconf 90' lang='lat' dir='ltr'>pavidos</span> <span class='ocrx_word' id='word_1_86' title='bbox 554 1552 752 1623; x_wconf 81' lang='lat' dir='ltr'>concursare</span> <span class='ocrx_word' id='word_1_87' title='bbox 770 1605 782 1641; x_wconf 93' lang='lat'>,</span> <span class='ocrx_word' id='word_1_88' title='bbox 806 1552 842 1624; x_wconf 87' lang='lat'>&amp;</span> <span class='ocrx_word' id='word_1_89' title='bbox 859 1551 965 1622; x_wconf 90' lang='lat' dir='ltr'>modo</span> <span class='ocrx_word' id='word_1_90' title='bbox 982 1550 1013 1621; x_wconf 87' lang='lat' dir='ltr'>Ie</span> <span class='ocrx_word' id='word_1_91' title='bbox 1031 1549 1120 1620; x_wconf 91' lang='lat' dir='ltr'>intra</span> <span class='ocrx_word' id='word_1_92' title='bbox 1133 1569 1251 1642; x_wconf 88' lang='lat' dir='ltr'>portas</span> 
     </span>
     <span class='ocr_line' id='line_1_15' title="bbox 217 1646 1246 1744; baseline -0.001 -28"><span class='ocrx_word' id='word_1_93' title='bbox 217 1646 393 1744; x_wconf 89' lang='lat' dir='ltr'>recipere,</span> <span class='ocrx_word' id='word_1_94' title='bbox 419 1647 525 1720; x_wconf 93' lang='lat' dir='ltr'>modo</span> <span class='ocrx_word' id='word_1_95' title='bbox 539 1646 768 1722; x_wconf 84' lang='lat' dir='ltr'>inconstanter</span> <span class='ocrx_word' id='word_1_96' title='bbox 784 1647 1076 1744; x_wconf 80' lang='lat' dir='ltr'>immoderateque</span> <span class='ocrx_word' id='word_1_97' title='bbox 1092 1646 1246 1743; x_wconf 77' lang='lat' dir='ltr'>proditea</span> 
     </span>
    </p>

    <p class='ocr_par' dir='ltr' id='par_1_8' title="bbox 167 1742 1253 2041">
     <span class='ocr_line' id='line_1_16' title="bbox 167 1742 1246 1842; baseline -0.004 -24"><span class='ocrx_word' id='word_1_98' title='bbox 167 1764 196 1818; x_wconf 80' lang='lat'>2</span> <span class='ocrx_word' id='word_1_99' title='bbox 219 1767 399 1842; x_wconf 91' lang='lat' dir='ltr'>quumque</span> <span class='ocrx_word' id='word_1_100' title='bbox 414 1745 504 1818; x_wconf 93' lang='lat' dir='ltr'>idem</span> <span class='ocrx_word' id='word_1_101' title='bbox 519 1744 539 1817; x_wconf 74' lang='grc' dir='ltr'>ὲ</span> <span class='ocrx_word' id='word_1_102' title='bbox 556 1745 712 1842; x_wconf 92' lang='lat' dir='ltr'>pluribus</span> <span class='ocrx_word' id='word_1_103' title='bbox 732 1743 954 1817; x_wconf 88' lang='lat' dir='ltr'>animadverti</span> <span class='ocrx_word' id='word_1_104' title='bbox 970 1763 1127 1840; x_wconf 87' lang='lat' dir='ltr'>coeptum</span> <span class='ocrx_word' id='word_1_105' title='bbox 1144 1742 1246 1826; x_wconf 84' lang='lat' dir='ltr'>elset;</span> 
     </span>
     <span class='ocr_line' id='line_1_17' title="bbox 216 1840 1253 1940; baseline -0.002 -28"><span class='ocrx_word' id='word_1_106' title='bbox 216 1840 332 1916; x_wconf 86' lang='lat' dir='ltr'>subito</span> <span class='ocrx_word' id='word_1_107' title='bbox 348 1842 450 1940; x_wconf 86' lang='lat' dir='ltr'>legati</span> <span class='ocrx_word' id='word_1_108' title='bbox 464 1843 666 1940; x_wconf 89' lang='lat' dir='ltr'>evocatique</span> <span class='ocrx_word' id='word_1_109' title='bbox 684 1842 856 1915; x_wconf 87' lang='lat' dir='ltr'>obsecrare</span> <span class='ocrx_word' id='word_1_110' title='bbox 871 1840 1042 1916; x_wconf 88' lang='lat' dir='ltr'>Caesarem</span> <span class='ocrx_word' id='word_1_111' title='bbox 1063 1897 1074 1929; x_wconf 94' lang='lat'>‚</span> <span class='ocrx_word' id='word_1_112' title='bbox 1096 1867 1135 1909; x_wconf 83' lang='lat' dir='ltr'>ne</span> <span class='ocrx_word' id='word_1_113' title='bbox 1154 1840 1253 1910; x_wconf 80' lang='lat' dir='ltr'>dubi-</span> 
     </span>
     <span class='ocr_line' id='line_1_18' title="bbox 216 1939 1251 2041; baseline 0 -34"><span class='ocrx_word' id='word_1_114' title='bbox 216 1945 427 2038; x_wconf 81' lang='lat' dir='ltr'>taretfignum</span> <span class='ocrx_word' id='word_1_115' title='bbox 439 1940 531 2009; x_wconf 82' lang='lat' dir='ltr'>dare:</span> <span class='ocrx_word' id='word_1_116' title='bbox 556 1945 719 2010; x_wconf 76' lang='lat' dir='ltr'>villariam</span> <span class='ocrx_word' id='word_1_117' title='bbox 728 1939 788 2035; x_wconf 79' lang='lat' dir='ltr'>fibi</span> <span class='ocrx_word' id='word_1_118' title='bbox 799 1947 959 2041; x_wconf 80' lang='lat' dir='ltr'>propriam</span> <span class='ocrx_word' id='word_1_119' title='bbox 977 1947 997 2008; x_wconf 69' lang='lat' dir='ltr'>d</span> <span class='ocrx_word' id='word_1_120' title='bbox 1013 1939 1074 2007; x_wconf 87' lang='lat' dir='ltr'>diis</span> <span class='ocrx_word' id='word_1_121' title='bbox 1089 1943 1251 2008; x_wconf 83' lang='lat' dir='ltr'>immorta-</span> 
     </span>
    </p>

    <p class='ocr_par' dir='ltr' id='par_1_9' title="bbox 169 2032 1252 2425">
     <span class='ocr_line' id='line_1_19' title="bbox 169 2032 1251 2137; baseline 0.002 -33"><span class='ocrx_word' id='word_1_122' title='bbox 169 2052 194 2137; x_wconf 78' lang='lat'>3</span> <span class='ocrx_word' id='word_1_123' title='bbox 209 2037 295 2108; x_wconf 80' lang='lat' dir='ltr'>libus</span> <span class='ocrx_word' id='word_1_124' title='bbox 305 2037 459 2137; x_wconf 82' lang='lat' dir='ltr'>portendi.</span> <span class='ocrx_word' id='word_1_125' title='bbox 484 2035 678 2108; x_wconf 88' lang='lat' dir='ltr'>Dubitante</span> <span class='ocrx_word' id='word_1_126' title='bbox 693 2035 849 2125; x_wconf 88' lang='lat' dir='ltr'>Caesare,</span> <span class='ocrx_word' id='word_1_127' title='bbox 876 2055 979 2135; x_wconf 91' lang='lat' dir='ltr'>atque</span> <span class='ocrx_word' id='word_1_128' title='bbox 994 2057 1115 2108; x_wconf 87' lang='lat' dir='ltr'>eorum</span> <span class='ocrx_word' id='word_1_129' title='bbox 1132 2032 1251 2108; x_wconf 89' lang='lat' dir='ltr'>studio</span> 
     </span>
     <span class='ocr_line' id='line_1_20' title="bbox 214 2130 1252 2232; baseline 0.002 -27"><span class='ocrx_word' id='word_1_130' title='bbox 214 2134 461 2232; x_wconf 85' lang='lat' dir='ltr'>cupiditatique</span> <span class='ocrx_word' id='word_1_131' title='bbox 477 2130 664 2219; x_wconf 80' lang='lat' dir='ltr'>resistente,</span> <span class='ocrx_word' id='word_1_132' title='bbox 682 2132 812 2230; x_wconf 82' lang='lat' dir='ltr'>sibique</span> <span class='ocrx_word' id='word_1_133' title='bbox 820 2140 1002 2231; x_wconf 87' lang='lat' dir='ltr'>eruptione</span> <span class='ocrx_word' id='word_1_134' title='bbox 1018 2132 1167 2230; x_wconf 82' lang='lat' dir='ltr'>pugnari</span> <span class='ocrx_word' id='word_1_135' title='bbox 1178 2157 1252 2206; x_wconf 90' lang='lat' dir='ltr'>non</span> 
     </span>
     <span class='ocr_line' id='line_1_21' title="bbox 213 2227 1251 2328; baseline 0.002 -27"><span class='ocrx_word' id='word_1_136' title='bbox 213 2231 347 2328; x_wconf 86' lang='lat' dir='ltr'>placere</span> <span class='ocrx_word' id='word_1_137' title='bbox 355 2229 573 2322; x_wconf 87' lang='lat' dir='ltr'>clamitante,</span> <span class='ocrx_word' id='word_1_138' title='bbox 597 2230 634 2304; x_wconf 92' lang='lat'>&amp;</span> <span class='ocrx_word' id='word_1_139' title='bbox 647 2232 748 2303; x_wconf 88' lang='lat' dir='ltr'>etiam</span> <span class='ocrx_word' id='word_1_140' title='bbox 760 2252 864 2326; x_wconf 90' lang='lat' dir='ltr'>atque</span> <span class='ocrx_word' id='word_1_141' title='bbox 877 2232 977 2304; x_wconf 90' lang='lat' dir='ltr'>etiam</span> <span class='ocrx_word' id='word_1_142' title='bbox 992 2231 1098 2302; x_wconf 89' lang='lat' dir='ltr'>aciem</span> <span class='ocrx_word' id='word_1_143' title='bbox 1118 2227 1251 2303; x_wconf 88' lang='lat' dir='ltr'>susten·</span> 
     </span>
     <span class='ocr_line' id='line_1_22' title="bbox 213 2324 1251 2425; baseline 0.002 -26"><span class='ocrx_word' id='word_1_144' title='bbox 213 2347 328 2415; x_wconf 89' lang='lat' dir='ltr'>tante,</span> <span class='ocrx_word' id='word_1_145' title='bbox 344 2324 455 2398; x_wconf 91' lang='lat' dir='ltr'>subito</span> <span class='ocrx_word' id='word_1_146' title='bbox 463 2328 587 2400; x_wconf 89' lang='lat' dir='ltr'>dextro</span> <span class='ocrx_word' id='word_1_147' title='bbox 595 2353 703 2402; x_wconf 93' lang='lat' dir='ltr'>cornu</span> <span class='ocrx_word' id='word_1_148' title='bbox 715 2385 726 2415; x_wconf 90' lang='lat'>,</span> <span class='ocrx_word' id='word_1_149' title='bbox 740 2344 754 2378; x_wconf 85' lang='lat'>·¹</span> <span class='ocrx_word' id='word_1_150' title='bbox 773 2327 897 2425; x_wconf 84' lang='lat' dir='ltr'>injullu</span> <span class='ocrx_word' id='word_1_151' title='bbox 906 2325 1068 2413; x_wconf 88' lang='lat' dir='ltr'>Caesaris,</span> <span class='ocrx_word' id='word_1_152' title='bbox 1083 2326 1251 2421; x_wconf 93' lang='lat' dir='ltr'>tubicen,</span> 
     </span>
    </p>

    <p class='ocr_par' dir='ltr' id='par_1_10' title="bbox 165 2421 1250 2622">
     <span class='ocr_line' id='line_1_23' title="bbox 165 2421 1250 2522; baseline 0.003 -28"><span class='ocrx_word' id='word_1_153' title='bbox 165 2436 193 2511; x_wconf 84' lang='lat'>4</span> <span class='ocrx_word' id='word_1_154' title='bbox 215 2421 417 2495; x_wconf 64' lang='lat' dir='ltr'>amilitibus</span> <span class='ocrx_word' id='word_1_155' title='bbox 436 2423 596 2516; x_wconf 72' lang='lat' dir='ltr'>coaetus,</span> <span class='ocrx_word' id='word_1_156' title='bbox 621 2450 738 2499; x_wconf 89' lang='lat' dir='ltr'>canere</span> <span class='ocrx_word' id='word_1_157' title='bbox 754 2425 872 2522; x_wconf 87' lang='lat' dir='ltr'>coepit.</span> <span class='ocrx_word' id='word_1_158' title='bbox 896 2425 982 2518; x_wconf 91' lang='lat' dir='ltr'>Quo</span> <span class='ocrx_word' id='word_1_159' title='bbox 998 2421 1090 2494; x_wconf 74' lang='lat' dir='ltr'>fadto</span> <span class='ocrx_word' id='word_1_160' title='bbox 1107 2421 1151 2494; x_wconf 85' lang='lat' dir='ltr'>ab</span> <span class='ocrx_word' id='word_1_161' title='bbox 1167 2426 1250 2499; x_wconf 90' lang='lat' dir='ltr'>uni·</span> 
     </span>
     <span class='ocr_line' id='line_1_24' title="bbox 215 2518 1249 2622; baseline 0.006 -31"><span class='ocrx_word' id='word_1_162' title='bbox 215 2519 317 2592; x_wconf 80' lang='lat' dir='ltr'>versis</span> <span class='ocrx_word' id='word_1_163' title='bbox 332 2520 533 2594; x_wconf 88' lang='lat' dir='ltr'>cohortibus</span> <span class='ocrx_word' id='word_1_164' title='bbox 544 2522 636 2622; x_wconf 85' lang='lat' dir='ltr'>signa</span> <span class='ocrx_word' id='word_1_165' title='bbox 646 2524 680 2596; x_wconf 92' lang='lat' dir='ltr'>in</span> <span class='ocrx_word' id='word_1_166' title='bbox 690 2521 820 2595; x_wconf 86' lang='lat' dir='ltr'>hostem</span> <span class='ocrx_word' id='word_1_167' title='bbox 829 2545 967 2620; x_wconf 90' lang='lat' dir='ltr'>coepere</span> <span class='ocrx_word' id='word_1_168' title='bbox 978 2518 1117 2611; x_wconf 90' lang='lat' dir='ltr'>inferri,</span> <span class='ocrx_word' id='word_1_169' title='bbox 1133 2544 1249 2617; x_wconf 92' lang='lat' dir='ltr'>quum</span> 
     </span>
    </p>

    <p class='ocr_par' dir='ltr' id='par_1_11' title="bbox 160 2615 1251 2911">
     <span class='ocr_line' id='line_1_25' title="bbox 160 2615 1250 2716; baseline 0.003 -27"><span class='ocrx_word' id='word_1_170' title='bbox 160 2688 166 2709; x_wconf 25' lang='grc' dir='ltr'>χ</span> <span class='ocrx_word' id='word_1_171' title='bbox 213 2618 432 2691; x_wconf 88' lang='lat' dir='ltr'>centuriones</span> <span class='ocrx_word' id='word_1_172' title='bbox 456 2615 595 2715; x_wconf 76' lang='lat' dir='ltr'>pedlore</span> <span class='ocrx_word' id='word_1_173' title='bbox 612 2618 752 2692; x_wconf 86' lang='lat' dir='ltr'>adverso</span> <span class='ocrx_word' id='word_1_174' title='bbox 775 2617 983 2710; x_wconf 82' lang='lat' dir='ltr'>resisterent,</span> <span class='ocrx_word' id='word_1_175' title='bbox 1008 2617 1113 2716; x_wconf 91' lang='lat' dir='ltr'>vique</span> <span class='ocrx_word' id='word_1_176' title='bbox 1130 2624 1250 2695; x_wconf 90' lang='lat' dir='ltr'>conti·</span> 
     </span>
     <span class='ocr_line' id='line_1_26' title="bbox 212 2714 1251 2814; baseline 0.004 -27"><span class='ocrx_word' id='word_1_177' title='bbox 212 2736 335 2788; x_wconf 89' lang='lat' dir='ltr'>nerent</span> <span class='ocrx_word' id='word_1_178' title='bbox 351 2715 507 2805; x_wconf 88' lang='lat' dir='ltr'>milites,</span> <span class='ocrx_word' id='word_1_179' title='bbox 533 2740 575 2788; x_wconf 91' lang='lat' dir='ltr'>ne</span> <span class='ocrx_word' id='word_1_180' title='bbox 595 2715 719 2814; x_wconf 83' lang='lat' dir='ltr'>injuss&#39;u</span> <span class='ocrx_word' id='word_1_181' title='bbox 742 2714 955 2814; x_wconf 88' lang='lat' dir='ltr'>imperatoris</span> <span class='ocrx_word' id='word_1_182' title='bbox 977 2738 1251 2810; x_wconf 88' lang='lat' dir='ltr'>concurrerent,</span> 
     </span>
     <span class='ocr_line' id='line_1_27' title="bbox 213 2812 718 2911; baseline 0 -25"><span class='ocrx_word' id='word_1_183' title='bbox 213 2838 279 2887; x_wconf 89' lang='lat' dir='ltr'>nec</span> <span class='ocrx_word' id='word_1_184' title='bbox 295 2812 483 2910; x_wconf 87' lang='lat' dir='ltr'>quidquam</span> <span class='ocrx_word' id='word_1_185' title='bbox 500 2813 718 2911; x_wconf 87' lang='lat' dir='ltr'>proficerent.</span> 
     </span>
    </p>

    <p class='ocr_par' dir='ltr' id='par_1_12' title="bbox 170 2904 1248 3204">
     <span class='ocr_line' id='line_1_28' title="bbox 170 2904 1248 3013; baseline -0.004 -29"><span class='ocrx_word' id='word_1_186' title='bbox 170 2928 186 2975; x_wconf 85' lang='lat'>1</span> <span class='ocrx_word' id='word_1_187' title='bbox 260 2911 480 2986; x_wconf 84' lang='lat' dir='ltr'>LXXXIII.</span> <span class='ocrx_word' id='word_1_188' title='bbox 506 2911 614 3011; x_wconf 87' lang='lat' dir='ltr'>Quod</span> <span class='ocrx_word' id='word_1_189' title='bbox 630 2912 809 3013; x_wconf 88' lang='lat' dir='ltr'>postquam</span> <span class='ocrx_word' id='word_1_190' title='bbox 821 2913 936 2989; x_wconf 86' lang='lat' dir='ltr'>Caesar</span> <span class='ocrx_word' id='word_1_191' title='bbox 952 2909 1139 2995; x_wconf 85' lang='lat' dir='ltr'>intellexit,</span> <span class='ocrx_word' id='word_1_192' title='bbox 1156 2904 1248 2976; x_wconf 89' lang='lat' dir='ltr'>inci-</span> 
     </span>
     <span class='ocr_line' id='line_1_29' title="bbox 214 2998 1247 3108; baseline -0.004 -27"><span class='ocrx_word' id='word_1_193' title='bbox 214 3009 291 3082; x_wconf 87' lang='lat' dir='ltr'>tatis</span> <span class='ocrx_word' id='word_1_194' title='bbox 307 3008 457 3082; x_wconf 89' lang='lat' dir='ltr'>militum</span> <span class='ocrx_word' id='word_1_195' title='bbox 476 3011 596 3084; x_wconf 90' lang='lat' dir='ltr'>animis</span> <span class='ocrx_word' id='word_1_196' title='bbox 612 3010 715 3083; x_wconf 89' lang='lat' dir='ltr'>refisti</span> <span class='ocrx_word' id='word_1_197' title='bbox 733 3013 832 3086; x_wconf 90' lang='lat' dir='ltr'>nullo</span> <span class='ocrx_word' id='word_1_198' title='bbox 847 3013 953 3086; x_wconf 94' lang='lat' dir='ltr'>modo</span> <span class='ocrx_word' id='word_1_199' title='bbox 972 3005 1086 3107; x_wconf 82' lang='lat' dir='ltr'>polle,</span> <span class='ocrx_word' id='word_1_200' title='bbox 1109 3021 1123 3052; x_wconf 85' lang='lat'><em>2</em></span> <span class='ocrx_word' id='word_1_201' title='bbox 1142 2998 1247 3108; x_wconf 63' lang='lat' dir='ltr'>signo</span> 
     </span>
     <span class='ocr_line' id='line_1_30' title="bbox 213 3100 1248 3204; baseline -0.006 -29"><span class='ocrx_word' id='word_1_202' title='bbox 213 3111 383 3176; x_wconf 79' lang='lat' dir='ltr'>Felicitatis</span> <span class='ocrx_word' id='word_1_203' title='bbox 396 3108 494 3191; x_wconf 88' lang='lat' dir='ltr'>dato,</span> <span class='ocrx_word' id='word_1_204' title='bbox 518 3131 611 3204; x_wconf 91' lang='lat' dir='ltr'>equo</span> <span class='ocrx_word' id='word_1_205' title='bbox 625 3108 769 3198; x_wconf 78' lang='lat' dir='ltr'>admiss&#39;o</span> <span class='ocrx_word' id='word_1_206' title='bbox 783 3111 820 3183; x_wconf 92' lang='lat' dir='ltr'>in</span> <span class='ocrx_word' id='word_1_207' title='bbox 837 3110 968 3184; x_wconf 89' lang='lat' dir='ltr'>hostem</span> <span class='ocrx_word' id='word_1_208' title='bbox 981 3120 1098 3177; x_wconf 89' lang='lat' dir='ltr'>contra</span> <span class='ocrx_word' id='word_1_209' title='bbox 1115 3100 1248 3196; x_wconf 80' lang='lat' dir='ltr'>prmci.</span> 
     </span>
    </p>

    <p class='ocr_par' dir='ltr' id='par_1_13' title="bbox 164 3194 1246 3403">
     <span class='ocr_line' id='line_1_31' title="bbox 164 3194 1246 3298; baseline -0.001 -23"><span class='ocrx_word' id='word_1_210' title='bbox 164 3221 192 3275; x_wconf 75' lang='lat'>2</span> <span class='ocrx_word' id='word_1_211' title='bbox 215 3227 273 3298; x_wconf 90' lang='lat' dir='ltr'>pes</span> <span class='ocrx_word' id='word_1_212' title='bbox 291 3203 339 3278; x_wconf 91' lang='lat' dir='ltr'>ire</span> <span class='ocrx_word' id='word_1_213' title='bbox 355 3205 544 3277; x_wconf 86' lang='lat' dir='ltr'>contendit.</span> <span class='ocrx_word' id='word_1_214' title='bbox 577 3209 609 3276; x_wconf 79' lang='lat' dir='ltr'>&#39;A</span> <span class='ocrx_word' id='word_1_215' title='bbox 630 3205 754 3280; x_wconf 91' lang='lat' dir='ltr'>dextro</span> <span class='ocrx_word' id='word_1_216' title='bbox 770 3208 907 3281; x_wconf 88' lang='lat' dir='ltr'>interim</span> <span class='ocrx_word' id='word_1_217' title='bbox 925 3223 1034 3276; x_wconf 90' lang='lat' dir='ltr'>cornu</span> <span class='ocrx_word' id='word_1_218' title='bbox 1049 3194 1246 3274; x_wconf 89' lang='lat' dir='ltr'>funditores</span> 
     </span>
     <span class='ocr_line' id='line_1_32' title="bbox 211 3293 1245 3403; baseline -0.014 -31"><span class='ocrx_word' id='word_1_219' title='bbox 211 3301 442 3400; x_wconf 85' lang='lat' dir='ltr'>sagittariique</span> <span class='ocrx_word' id='word_1_220' title='bbox 458 3301 591 3375; x_wconf 89' lang='lat' dir='ltr'>concita</span> <span class='ocrx_word' id='word_1_221' title='bbox 614 3301 679 3375; x_wconf 92' lang='lat' dir='ltr'>tela</span> <span class='ocrx_word' id='word_1_222' title='bbox 693 3304 729 3376; x_wconf 92' lang='lat' dir='ltr'>in</span> <span class='ocrx_word' id='word_1_223' title='bbox 744 3300 940 3403; x_wconf 88' lang='lat' dir='ltr'>elephantos</span> <span class='ocrx_word' id='word_1_224' title='bbox 955 3293 1245 3402; x_wconf 82' lang='lat' dir='ltr'>frequentesinji.</span> 
     </span>
    </p>

    <p class='ocr_par' dir='ltr' id='par_1_14' title="bbox 1130 3416 1244 3469">
     <span class='ocr_line' id='line_1_33' title="bbox 1130 3416 1244 3469; baseline 0.07 -7"><span class='ocrx_word' id='word_1_225' title='bbox 1130 3416 1244 3469; x_wconf 85' lang='lat' dir='ltr'>crunt.</span> 
     </span>
    </p>
   </div>
   <div class='ocr_carea' id='block_1_3' title="bbox 208 3512 1244 3735">
    <p class='ocr_par' dir='ltr' id='par_1_15' title="bbox 208 3512 1244 3735">
     <span class='ocr_line' id='line_1_34' title="bbox 246 3512 1244 3586; baseline -0.011 -8"><span class='ocrx_word' id='word_1_226' title='bbox 246 3539 268 3572; x_wconf 85' lang='lat'>1·</span> <span class='ocrx_word' id='word_1_227' title='bbox 287 3522 370 3583; x_wconf 76' lang='lat' dir='ltr'>rnjuffu</span> <span class='ocrx_word' id='word_1_228' title='bbox 388 3522 489 3581; x_wconf 57' lang='lat' dir='ltr'>eastris,</span> <span class='ocrx_word' id='word_1_229' title='bbox 505 3522 585 3567; x_wconf 74' lang='lat' dir='ltr'>tubicen</span> <span class='ocrx_word' id='word_1_230' title='bbox 599 3522 671 3580; x_wconf 84' lang='lat' dir='ltr'>&amp;c.]</span> <span class='ocrx_word' id='word_1_231' title='bbox 688 3527 712 3570; x_wconf 91' lang='lat'>1-</span> <span class='ocrx_word' id='word_1_232' title='bbox 778 3542 801 3574; x_wconf 85' lang='lat'>2.</span> <span class='ocrx_word' id='word_1_233' title='bbox 820 3512 1244 3586; x_wconf 59' lang='lat' dir='ltr'>squarelicitatisdato]uefignis</span> 
     </span>
     <span class='ocr_line' id='line_1_35' title="bbox 209 3583 1243 3663; baseline 0.004 -26"><span class='ocrx_word' id='word_1_234' title='bbox 209 3587 271 3637; x_wconf 85' lang='lat' dir='ltr'>dem</span> <span class='ocrx_word' id='word_1_235' title='bbox 288 3585 420 3637; x_wconf 84' lang='lat' dir='ltr'>confirmat</span> <span class='ocrx_word' id='word_1_236' title='bbox 436 3589 530 3642; x_wconf 80' lang='lat' dir='ltr'>Florus,</span> <span class='ocrx_word' id='word_1_237' title='bbox 548 3586 592 3650; x_wconf 90' lang='lat' dir='ltr'>qui</span> <span class='ocrx_word' id='word_1_238' title='bbox 606 3583 652 3661; x_wconf 83' lang='lat' dir='ltr'>llb.</span> <span class='ocrx_word' id='word_1_239' title='bbox 671 3601 708 3635; x_wconf 86' lang='lat' dir='ltr'>1v.</span> <span class='ocrx_word' id='word_1_240' title='bbox 743 3600 894 3650; x_wconf 53' lang='lat' dir='ltr'>multatibus</span> <span class='ocrx_word' id='word_1_241' title='bbox 911 3635 919 3657; x_wconf 87' lang='lat'><strong>‚</strong></span> <span class='ocrx_word' id='word_1_242' title='bbox 936 3609 989 3663; x_wconf 81' lang='lat' dir='ltr'>quae</span> <span class='ocrx_word' id='word_1_243' title='bbox 1005 3593 1085 3644; x_wconf 81' lang='lat' dir='ltr'>Graeci</span> <span class='ocrx_word' id='word_1_244' title='bbox 1099 3586 1243 3648; x_wconf 64' lang='grc' dir='ltr'>συνθήματα</span> 
     </span>
     <span class='ocr_line' id='line_1_36' title="bbox 208 3654 1244 3735; baseline -0.003 -33"><span class='ocrx_word' id='word_1_245' title='bbox 208 3668 266 3716; x_wconf 73' lang='lat' dir='ltr'>cap.</span> <span class='ocrx_word' id='word_1_246' title='bbox 280 3669 318 3709; x_wconf 88' lang='lat'>11,</span> <span class='ocrx_word' id='word_1_247' title='bbox 333 3660 373 3702; x_wconf 87' lang='lat'>66.</span> <span class='ocrx_word' id='word_1_248' title='bbox 390 3654 448 3716; x_wconf 81' lang='lat' dir='ltr'>quod</span> <span class='ocrx_word' id='word_1_249' title='bbox 461 3669 571 3717; x_wconf 75' lang='lat' dir='ltr'>nunquam</span> <span class='ocrx_word' id='word_1_250' title='bbox 585 3654 640 3697; x_wconf 76' lang='lat' dir='ltr'>anas</span> <span class='ocrx_word' id='word_1_251' title='bbox 654 3656 710 3700; x_wconf 78' lang='lat' dir='ltr'>acci·</span> <span class='ocrx_word' id='word_1_252' title='bbox 742 3669 762 3735; x_wconf 64' lang='lat'>⁸)</span> <span class='ocrx_word' id='word_1_253' title='bbox 778 3668 903 3733; x_wconf 50' lang='lat' dir='ltr'>&#39;vomu&#39;</span> <span class='ocrx_word' id='word_1_254' title='bbox 917 3669 1244 3731; x_wconf 57' lang='lat' dir='ltr'>Romaniuppmvocam,</span> 
     </span>
    </p>
   </div>
   <div class='ocr_carea' id='block_1_4' title="bbox 210 3718 1246 3859">
    <p class='ocr_par' dir='ltr' id='par_1_16' title="bbox 210 3718 1246 3863">
     <span class='ocr_line' id='line_1_37' title="bbox 210 3718 1246 3859; baseline 0.029 -13"><span class='ocrx_word' id='word_1_255' title='bbox 210 3720 489 3851; x_wconf 63' lang='lat' dir='ltr'>altianum</span> <span class='ocrx_word' id='word_1_256' title='bbox 504 3718 709 3859; x_wconf 49' lang='lat' dir='ltr'>{aarum</span> <span class='ocrx_word' id='word_1_257' title='bbox 742 3742 896 3863; x_wconf 55' lang='lat' dir='ltr'>laud</span> <span class='ocrx_word' id='word_1_258' title='bbox 912 3745 1008 3813; x_wconf 39' lang='grc' dir='ltr'>ΨΜ</span> <span class='ocrx_word' id='word_1_259' title='bbox 1022 3735 1135 3808; x_wconf 54' lang='lat' dir='ltr'>Ilm·</span> <span class='ocrx_word' id='word_1_260' title='bbox 1149 3748 1246 3804; x_wconf 59' lang='lat'>‘²2⁴’</span> 
     </span>
    </p>
   </div>
   <div class='ocr_carea' id='block_1_5' title="bbox 0 0 1312 4462">
    <p class='ocr_par' dir='ltr' id='par_1_17' title="bbox 0 0 1312 4462">
     <span class='ocr_line' id='line_1_38' title="bbox 0 0 1312 4462; baseline 0 2"><span class='ocrx_word' id='word_1_261' title='bbox 0 0 1312 4462; x_wconf 95' lang='lat' dir='ltr'> </span> 
     </span>
    </p>
   </div>
  </div>
 </body>
</html>
