2616 4462
317 279 929 377 nuBtnnoCrvianrn.1.'
1030 243 1163 389 ‘'421,
1237 274 1240 285 ’

172 404 297 483 XLII.
320 406 395 482 Sub
412 403 593 504 vesperum
610 403 724 476 Caesar
745 419 756 453 1
775 404 863 477 intra
878 406 964 479 hanc
978 403 1096 481 foll'am
1112 410 1159 484 le·
1187 424 1207 489 ι’

124 505 249 605 gioncs
256 505 412 591 reducit,
434 522 539 598 atque
555 501 602 573 ibi
611 500 781 573 subarmia
792 505 949 597 proxima
963 506 1063 577 nolte
1075 532 1158 582 con·

123 604 282 701 quiescit.
313 599 459 673 Postero
479 599 535 671 die
559 622 697 671 omnem
720 600 909 672 exercitum
935 600 1021 671 intra
1039 600 1158 678 follam

69 758 73 766 .
124 704 314 773 continet:
341 700 379 769 bc
400 753 411 785 ,
433 698 525 794 quod
541 695 679 794 longius
699 718 769 768 erat
781 710 887 795 agger
904 698 1070 794 petendus
1087 757 1097 789 ,
1122 703 1158 775 in

123 794 311 894 praesentia
330 792 468 864 similem
492 793 657 866 rationem
676 794 787 889 operis
810 794 957 866 instituit
974 820 984 878 ς
1011 793 1160 894 langula-

124 917 196 990 que
215 894 324 966 latera
340 889 519 962 castrorum
543 889 687 988 singulis
701 888 857 962 attribuit
872 889 1066 988 legionibus
1085 917 1161 964 mu·

123 989 279 1075 nienda3
301 986 459 1085 follisque
467 988 509 1059 ad
523 992 663 1060 eandem
681 987 952 1086 magnitudinem
970 988 1090 1085 perfici
1101 990 1161 1087 ju·

66 1091 67 1094 ’
123 1085 203 1158 bet.
232 1084 366 1183 reliquas
374 1084 527 1184 legiones
542 1086 576 1157 in
594 1083 695 1156 armis
704 1085 875 1181 expeditas
891 1105 1010 1158 contra
1027 1085 1160 1160 hostcin

128 1181 315 1255 constituit.
345 1180 541 1270 Afranius,
566 1179 790 1279 Petrejusque
815 1238 825 1271 ,
851 1183 999 1256 terrendi
1022 1184 1156 1271 caulla,
1181 1217 1207 1270 2

132 1300 232 1377 atque
246 1279 355 1376 operis
370 1278 581 1375 impediendi
598 1335 608 1363 ,
632 1278 745 1374 copias
760 1278 833 1352 suas
848 1279 889 1350 ad
904 1278 1039 1353 infimas
1057 1305 1158 1355 mon-

123 1377 172 1448 tis
187 1377 312 1449 radices
326 1376 555 1474 producunt,
577 1377 614 1449 bt
632 1375 759 1473 proelio
774 1375 949 1449 lacellunt.
974 1401 1085 1475 neque
1102 1379 1154 1452 id·
1181 1400 1203 1482 3

122 1474 214 1547 circo
236 1473 352 1548 Caesar
370 1499 458 1568 opus
482 1473 677 1546 intermittit
700 1470 848 1545 confisus
874 1472 1031 1570 praesidio
1046 1473 1155 1573 legio-

119 1568 205 1643 num
231 1597 313 1661 ιιι,
331 1573 368 1666 ὃς
385 1569 578 1644 munitione
592 1568 698 1642 full'ae.
723 1568 779 1641 Illi
796 1595 866 1642 non
882 1571 942 1642 diu
963 1595 1155 1645 commora-
1177 1595 1204 1674 4

119 1668 173 1758 ti,
198 1664 264 1742 nec
282 1666 422 1765 longius
436 1666 479 1738 ab
496 1667 618 1740 infimo
632 1666 722 1739 colle
737 1665 901 1767 progressi
919 1669 1032 1765 copias
1050 1669 1085 1740 in
1102 1694 1156 1741 ca·

119 1763 189 1835 stra
208 1765 389 1839 reducunt.
418 1789 431 1836 r
450 1790 463 1835 1
483 1789 496 1836 1
516 1762 692 1837 dieCaesar
710 1763 799 1836 vallo
816 1763 919 1836 castra
936 1767 1152 1839 communit:
1180 1785 1204 1864 5

122 1860 268 1960 reliquas
285 1863 465 1951 cohortes,
490 1886 572 1958 quas
587 1861 622 1933 in
634 1860 864 1959 superioribus
880 1859 991 1936 castris
1008 1863 1156 1962 relique·

119 1979 191 2046 rat,
218 1959 529 2054 impedimentaque
545 1957 629 2030 adse
644 1957 813 2031 transduci
824 1957 933 2056 jubet.

165 2056 311 2129 XLllI.
336 2057 419 2128 Erat
434 2056 522 2128 inter
539 2056 706 2153 oppidum
723 2055 888 2145 Ilerdam,
907 2052 1152 2151 &proximum
1181 2075 1198 2124 1

117 2153 248 2225 collem
269 2211 280 2242 ,
304 2152 363 2224 ubi
380 2152 482 2225 castra
499 2154 651 2249 Petrejus
668 2173 771 2250 atque
787 2151 947 2225 Afranius
965 2151 1151 2237 habebant,

118 2249 280 2344 planicies
292 2250 427 2323 circiter
442 2250 595 2347 pass'uum
606 2274 688 2323 ccc.
712 2269 814 2347 atque
831 2249 865 2319 in
876 2250 941 2322 hoc
958 2246 1028 2322 fere
1039 2251 1153 2324 medio
1178 2268 1203 2322 2

118 2345 228 2434 spatio
244 2347 401 2420 tumulus
415 2369 485 2418 erat
501 2346 617 2442 paullo
631 2346 775 2421 editior:
788 2371 905 2443 quem
921 2345 946 2418 fi
962 2348 1155 2445 occupass'et
1172 2398 1178 2408 ·

70 2464 73 2469 ⁴
122 2441 252 2528 Caesar,
273 2443 577 2531 &communillct,
601 2442 806 2541 abfoppido,
823 2447 860 2520 &
872 2465 994 2538 ponte,
1011 2447 1155 2518 &com-

118 2561 238 2613 meatu
252 2541 371 2630 omni,
396 2565 499 2636 quern
517 2540 729 2638 inoppidum
747 2541 980 2625 contulerant,
1006 2540 1155 2615 seinter-

115 2636 298 2725 clusurutn
314 2636 519 2711 adversarios
533 2637 740 2710 confidebat.
769 2639 852 2710 Hoc
863 2642 1016 2735 sperans,
1041 2637 1154 2736 legio-

115 2759 177 2806 nes
202 2757 269 2804 ιιι
291 2758 332 2805 ex
348 2733 460 2807 castris
475 2733 613 2808 educit:
639 2736 776 2830 acieque
796 2736 830 2807 in
849 2736 933 2807 locis
950 2735 1079 2807 idoneis
1101 2738 1152 2807 in·
1179 2752 1201 2833 3

113 2829 267 2915 struma,
291 2831 391 2906 unius
408 2831 551 2928 legionis
576 2849 591 2882 2
610 2831 842 2931 antefignanos
859 2855 1087 2928 praecurrere,
1102 2855 1154 2905 at-

113 2954 184 3027 que
204 2953 377 3025 occupate
392 2953 471 3001 tum
495 2927 669 3001 tumulum
689 2929 799 3027 jubet.
839 2929 918 3022 Qua
939 2952 974 2999 re
990 2923 1202 3027 cognita,'4

111 3026 293 3115 celeriter,
318 3049 395 3122 quae
412 3025 448 3097 in
461 3024 603 3099 statione
623 3050 687 3121 pro
704 3024 816 3098 castrls
832 3044 929 3098 erant
947 3021 1078 3096 Afranii
1094 3051 1153 3099 co-

113 3124 257 3206 hortes,
283 3123 445 3198 breviore
462 3122 583 3196 itinere
605 3123 646 3193 ad
662 3122 812 3194 eundern
840 3122 1078 3216 occupandum
1100 3123 1153 3197 lo-

117 3245 194 3296 cum
211 3220 415 3294 mittuntur.
440 3218 677 3293 Conten'ditur
696 3217 847 3317 proelio,
867 3218 924 3310 bc,
943 3219 1037 3318 quod
1059 3220 1151 3318 ptius
1175 3234 1201 3311 5

1114 3344 1151 3395 ru

157 3452 178 3490 ι.
199 3447 260 3490 Intra
282 3443 337 3489 banc
348 3441 432 3503 foffum
448 3441 535 3504 legiones
552 3441 615 3488 redu·
649 3436 702 3488 sam
721 3439 788 3504 prius
806 3438 919 3489 duxerat.
953 3437 1050 3488 Davies.

119 3505 168 3566 cit]
183 3506 256 3557 udin.
274 3512 343 3576 Qun.
356 3509 515 3556 Vcn.Beroald.
529 3510 616 3570 legiones
676 3524 707 3556 ¹2.
735 3507 893 3570 ,Anrefignanos
914 3509 1061 3570 praewrrere]
1076 3505 1151 3574 Nihil

116 3572 213 3620 deducit.
240 3574 275 3623 Sic
292 3571 376 3623 noster
393 3585 450 3624 cum
468 3571 546 3628 alibi,
562 3585 615 3621 tum
651 3584 800 3621 novaturum
814 3584 918 3621 movent
940 3587 969 3620 rr
988 3568 1041 3621 mll.
1061 3574 1152 3632 Cujac.

112 3633 222 3699 hujusce
235 3637 290 3688 libri
306 3654 362 3705 cap,
381 3655 475 3689 xxxrr.
492 3641 576 3685 Milites
594 3642 617 3685 in
649 3641 732 3688 Petav.
744 3639 822 3687 Palm.
840 3643 919 3704 Bong.
939 3640 1150 3704 quorumautori-

110 3707 219 3770 proxima
231 3708 336 3770 municipia
344 3706 436 3756 deducit.
454 3709 492 3754 Ac
501 3703 552 3753 haec
562 3705 617 3767 qui-
649 3716 702 3752 tate
724 3700 804 3753 scribo
824 3717 955 3767 procurrere.
993 3709 1025 3754 D.
1044 3701 1151 3752 Vollius.

111 3768 174 3819 dem
192 3769 618 3834 lestiomihivideturflrevocandm
651 3773 717 3819 Cum
742 3771 774 3823 iis
796 3767 860 3821 facit
884 3771 938 3822 MS.
963 3773 1054 3821 Norvir.
1096 3774 1151 3830 Da}

108 3850 197 3905 utque
215 3837 368 3904 euimcasar
382 3839 500 3906 legiones
519 3838 547 3892 iu
564 3831 617 3892 los·
650 3836 713 3904 ries,
825 3897 904 3958 M,
1019 3900 1022 3905 Ἢ
1120 3905 1125 3910 Δ
1198 3866 1201 3872 ,
