2616 4462
166 203 253 355 '732'¹
391 251 677 328 il.H1nrrr
711 251 1010 358 Cornutum

113 391 142 467 μ
168 392 180 424 ¹
200 372 261 471 qui
275 372 295 446 a
310 369 452 447 servitiis
463 371 664 471 puerisque,
686 373 747 470 qui
765 371 925 446 incastris
938 387 1052 456 erant,
1079 367 1206 469 lapidi·

166 466 383 569 buspililque
395 469 561 566 prohibiti
576 490 699 542 terram
709 470 896 568 attingere,
911 469 1025 546 rursus
1039 467 1074 540 se
1088 469 1126 541 in
1139 493 1221 570 op·.

114 584 140 665 3
164 565 284 662 pidum
299 587 512 666 receperunt.
539 566 681 640 Interim
700 567 870 664 Scipionis
882 568 987 666 copiis
1002 563 1205 665 prostratis,

133 742 135 747 ,
163 662 352 763 paffimque
367 684 444 737 toto
463 688 585 760 campo
597 660 840 760 fugientibus,
864 664 1043 737 confestim
1054 661 1205 736 Caesarir

161 759 317 859 legiones
326 759 487 859 consequi
497 793 510 850 ·,
535 761 748 858 spatiumque
759 761 789 833 se
805 784 876 833 non
891 763 973 835 dare
989 759 1201 859 colligendit

160 859 226 954 qui
239 857 419 955 postquam
432 860 472 930 ad
485 857 653 943 eaca'stra,
670 871 749 1024 :puae
762 857 943 954 petebant,
956 855 1202 957 perfugerunr,

161 973 203 1027 ut
221 953 355 1027 refeblis
372 953 486 1028 castris
504 955 617 1028 rursus
642 953 673 1026 se
689 979 708 1026 e
725 954 969 1044 defenderent;
993 956 1122 1028 ducem
1141 955 1200 1028 ali·

160 1074 267 1148 quem
285 1051 491 1148 requirunt,
515 1050 621 1150 ‘quern
633 1051 856 1147 respicerent,
882 1055 980 1150 cujus
996 1049 1200 1126 auetoritate

114 1146 378 1254 '4'imperioque
400 1160 472 1221 rem
493 1168 672 1248 gererent:
700 1149 761 1246 qui
778 1149 960 1248 postquam
977 1149 1205 1225 adverterunt

165 1245 337 1328 neminem
355 1245 401 1317 ibi
420 1246 486 1318 elle
504 1245 662 1342 praefidio
681 1247 875 1341 ‚protinus
892 1247 992 1320 armis
1006 1244 1151 1344 abjedlis
1162 1247 1199 1320 -in

114 1342 141 1441 ς
164 1342 255 1440 regia
269 1342 375 1418 castra
390 1340 512 1440 fugere
522 1343 750 1416 contendunt.
775 1343 861 1439 Quo
879 1343 1062 1441 postquam
1080 1367 1200 1442 perve-

48 1453 51 1459 ·
164 1458 312 1528 nerunt,
329 1458 343 1490 2
360 1438 785 1535 eaqueabJulianisteneri
802 1441 941 1528 vident,
966 1439 1142 1538 desperata
1154 1439 1200 1515 sa·

164 1534 237 1609 lure
253 1535 287 1607 in
303 1536 454 1632 quodam
470 1536 558 1609 colle
573 1536 781 1623 consistunt3
804 1559 908 1636 atque
928 1558 939 1598 ³
960 1539 1061 1611 armis
1078 1537 1200 1613 demis·

116 1631 146 1715 6
168 1629 228 1718 fis,
253 1631 488 1717 salutationem
504 1641 600 1707 more
622 1634 758 1713 militari
776 1634 917 1709 faciunt.
944 1634 1089 1730 Quibus
1105 1635 1196 1709 mise·
1225 1680 1232 1695 ·

164 1728 210 1801 ris
222 1755 260 1802 ea
281 1754 331 1804 res
348 1755 456 1826 parvo
472 1730 630 1840 praefidio
647 1731 734 1805 fuit:
763 1757 910 1831 namque
928 1734 1053 1804 milites
1070 1753 1197 1807 vetera·

64 1849 67 1854 ·
162 1825 200 1904 ni
217 1828 264 1899 ira
280 1830 316 1902 bt
334 1829 454 1901 dolore
469 1828 595 1903 incensi
612 1887 623 1917 ‚
648 1855 719 1902 non
736 1830 863 1919 modo,
888 1849 928 1902 ut
942 1851 1124 1926 parcerent
1139 1831 1199 1904 ho·

164 1922 227 2008 sti,
248 1949 317 1997 non
334 1945 492 2020 poterant
505 1926 649 2013 adduci,
675 1926 839 2000 sedetiam
855 1951 898 2002 ex
915 1926 975 1999 suo
991 1928 1149 2009 exercitu
1161 1927 1200 2000 il-

115 2113 119 2120 μ
143 2039 145 2047 ’
164 2020 287 2109 lullres
299 2023 494 2111 urbanos‚4
510 2047 598 2118 quos
612 2023 768 2095 austures
785 2023 1020 2121 appellabant,
1040 2026 1203 2123 complu·

117 2131 142 2207 7
151 2144 219 2192 res
234 2140 293 2192 aut
310 2121 558 2204 vulnerarunt,
581 2140 639 2191 aut
658 2119 918 2211 interfecerunt:
939 2122 973 2192 iu
990 2146 1062 2217 quo
1079 2147 1202 2197 nume·

163 2241 205 2288 ro
220 2215 286 2290 fuit
302 2217 444 2289 Tullius
457 2215 807 2312 Rufusquaestorius:
836 2218 895 2315 qui
911 2217 982 2310 pilo
999 2219 1203 2316 transjestus

163 2314 322 2386 consulto
341 2313 361 2386 a
377 2314 486 2386 milite
506 2313 644 2390 interiit.
676 2316 763 2388 Item
780 2316 966 2411 Pompejus
982 2315 1105 2389 Rufus
1124 2318 1203 2391 bra·

1079 2416 1201 2490 chium

197 2550 222 2581 1.
236 2534 284 2595 Qi
302 2526 429 2591 &servitiis
438 2536 566 2598 puerisque]
583 2537 621 2585 sic
631 2551 670 2584 re·
689 2532 791 2581 testatur
815 2535 883 2582 MSS.
905 2534 1000 2584 Gallie.
1022 2535 1117 2590 habere
1135 2543 1204 2588 armis

96 2626 99 2630 ·
160 2599 228 2649 {limi
243 2613 274 2645 ex
291 2601 342 2646 MS.
361 2603 451 2648 Nervit.
470 2601 495 2648 &
513 2600 584 2650 editt.
594 2609 659 2667 Ram.
692 2598 796 2657 dimiffis,
815 2597 884 2662 quod
900 2600 964 2648 &in
979 2600 1044 2650 Cod.
1059 2609 1152 2655 Narvic,
1174 2621 1203 2656 ae

164 2672 214 2714 Van.
236 2665 333 2712 Beroald.
359 2680 415 2713 cum
432 2666 459 2714 in
477 2668 592 2730 nuperius
611 2669 661 2716 im·
692 2660 779 2727 priscis
795 2662 867 2712 editt.
888 2667 1018 2729 reperitur.
1046 2667 1094 2717 Sed
1111 2673 1206 2737 vulga·

160 2729 245 2796 preliis
263 2746 293 2778 ex
311 2726 466 2779 Gloffemate
484 2731 582 2794 legatur
597 2734 659 2795 quid
692 2741 747 2777 tam
765 2725 911 2794 scripturam
937 2745 1019 2780 tuetur
1042 2735 1092 2792 Jul.
1112 2740 1204 2796 Celsus,

153 2801 229 2863 stava
242 2799 361 2860 puerisque.
380 2795 469 2845 Noster
486 2795 584 2856 hujusce
601 2797 660 2848 libri
694 2795 736 2858 qui
753 2809 813 2862 pag.
827 2807 885 2846 228.
903 2795 1008 2847 miseros
1023 2796 1097 2848 hosce
1110 2802 1205 2858 salurn-

161 2879 217 2929 (πρ.
229 2879 368 2913 rxxxvtti.
387 2869 514 2918 Horrarur,
530 2878 554 2910 ur
567 2865 662 2924 servitia
694 2873 772 2907 tionem
785 2865 903 2910 militarem
919 2881 1031 2912 armorum
1040 2878 1098 2910 marre
1114 2848 1208 2916 fecissb

161 2934 344 2979 mnumirrerenr.
377 2928 493 2988 Sallustius
515 2931 576 2977 Bell.
602 2935 660 2979 Cat.
696 2939 779 2978 notat.
815 2932 883 2978 Idem.

161 3013 219 3060 cap.
235 3011 311 3045 xxrv.
331 2997 429 3043 credebar
443 2996 499 3057 poffe
516 2991 616 3048 servitia
624 3015 663 3044 ur·
727 3013 753 3055 4.
772 2997 835 3059 Qus
849 2997 946 3042 rudiores
963 2992 1103 3058 appellabant]
1116 2990 1142 3047 J.
1157 2998 1205 3042 Li.

160 3066 216 3110 barra
226 3063 351 3121 sollicitare.
378 3064 455 3108 florus
470 3056 515 3108 lib.
536 3077 589 3110 111.
607 3078 660 3127 cap.
694 3058 1101 3122 pstuslib.1¹.Ele&.cap.xl(11·
1122 3073 1204 3122 repo·

160 3143 220 3183 xxi,
240 3127 398 3177 inservitur
420 3125 467 3190 (aro
487 3126 573 3193 nefas)
591 3131 662 3180 &er-
695 3127 733 3174 nit
748 3127 855 3185 fautores.
875 3127 973 3175 Milites
992 3114 1085 3194 scilicet
1103 3124 1204 3176 turbidi

111 3212 113 3219 ’
154 3193 379 3257 gastulaarmanrur.
397 3191 458 3242 vide
472 3193 498 3243 δι
515 3196 606 3243 Livium
615 3193 660 3246 lib.
695 3194 721 3245 bt
738 3190 855 3249 feroces,
872 3187 994 3255 quosdam
1014 3185 1126 3238 erramb
1151 3188 1203 3242 suis

162 3274 185 3308 r.
203 3273 256 3321 cap.
269 3276 307 3307 xi.
342 3263 436 3308 Davies.
558 3301 572 3314 ,,
694 3257 870 3313 interfecere,
897 3267 961 3317 quos
979 3250 1064 3300 favere
1083 3249 1201 3316 (solitum

194 3342 217 3373 2.
236 3330 311 3387 anue
331 3326 358 3370 ab
374 3325 470 3381 Julianis
486 3326 553 3371 reneri
570 3322 661 3377 vident,
693 3324 720 3370 in
738 3321 852 3371 civilibus
874 3314 972 3381 bellis)
992 3321 1018 3369 δε
1038 3333 1134 3382 pronos
1152 3320 1201 3372 else

67 3390 73 3417 l
158 3392 291 3448 desperata]
316 3393 345 3436 In
363 3393 416 3437 MS.
435 3392 527 3438 Nervic.
546 3389 572 3436 ὅ(
595 3388 661 3434 anti·
693 3386 844 3436 dicebantin
861 3382 966 3432 hostem.
985 3387 1019 3432 lis
1027 3385 1144 3442 fautorum
1154 3403 1200 3436 no-

27 3455 31 3461 “
158 3445 241 3520 quitus
265 3451 359 3502 excufis
384 3453 418 3505 est
432 3458 459 3499 'nr
475 3471 557 3517 quoque
574 3455 600 3499 ab
617 3452 662 3511 Ju-
677 3454 753 3502 lmen
769 3451 877 3500 inditum
896 3483 904 3506 ,
922 3464 965 3514 pet
982 3447 1113 3499 lasciviam
1131 3455 1201 3504 mili·

158 3527 220 3570 lienis
233 3525 300 3566 teneri
314 3520 396 3568 vident.
416 3520 662 3582 Desperaranae
692 3531 781 3568 tarem.
800 3517 963 3565 Nominatim
978 3514 1103 3580 usurpavit
1114 3523 1201 3566 Hirtius

157 3586 261 3652 quidem
278 3583 376 3640 leiim,
401 3583 663 3646 utbrinterpundtio,
693 3582 723 3630 de
741 3588 769 3632 B.
787 3579 857 3647 Hisp.
882 3595 936 3646 cap.
960 3597 1002 3631 xx.
1038 3589 1072 3629 vr
1089 3586 1201 3647 diligentie

158 3653 191 3704 ob
206 3650 332 3702 Codicum
341 3646 489 3700 consensum
499 3647 532 3696 est
541 3648 662 3710 recipien-
691 3650 786 3695 adhibita
800 3651 967 3713 perquirerent,
984 3651 1022 3713 qni
1039 3649 1201 3710 efferarsuaram

158 3720 199 3776 da,
234 3719 304 3775 Idem,
396 3744 401 3761 ι
503 3713 505 3718 ’
688 3717 801 3776 partium,
818 3717 912 3778 itemque
931 3714 1112 3778 adversariorum
1129 3719 1201 3767 vidie·

190 3802 212 3844 3.
233 3788 316 3834 Armis
332 3779 442 3844 demiffir]
460 3780 530 3842 Joaa.
549 3778 661 3839 (leduinus
692 3783 727 3835 ria
738 3781 848 3842 fautores.
881 3783 965 3834 blant.
