2616 4462
169 234 247 341 'joa
407 232 699 327 A.H1nnri
731 235 1028 317 connisus.

168 383 244 458 gno
261 354 444 451 consede,
469 359 606 433 circiter
621 355 739 459 vigilia
754 355 899 434 secunda
914 361 1046 453 nodis,
1066 344 1231 441 nimbus
1251 448 1256 453 ,

120 492 147 547 2
169 479 252 530 cum
269 457 363 537 saxea
381 459 546 558 grandine
560 454 674 530 subito
688 457 737 528 est
748 479 891 532 exortus
906 460 1039 558 ingena.
1065 460 1125 534 Ad
1139 448 1211 539 hoc
1228 466 1260 541 't

166 576 281 628 autem
299 556 562 630 incommodum
577 553 753 628 accesserat
761 610 782 664 ,ο
790 558 885 655 quod
895 557 1010 631 Caesar
1018 583 1111 650 non,
1129 552 1261 639 moi?-

165 676 204 726 re
227 653 440 748 superiorum
469 653 746 749 imperatorum,
772 679 809 727 tn
835 654 985 730 hibernis
1010 655 1223 733 exercitum
1256 722 1264 737 ,

166 751 386 836 continebat,
410 750 466 822 sed
493 749 559 821 ¹in
569 748 671 823 tertio
682 770 878 850 quartoque
891 753 947 826 die
960 755 1209 852 procedendo,
1250 758 1264 827 ;“.÷

168 848 379 947 propiusque
402 847 537 921 hostem
555 847 748 943 accedendo
767 905 779 938 ,
805 849 909 923 castra
924 851 1207 941 communiebat

122 973 142 1055 3
168 972 341 1042 opereque
357 945 530 1028 faciendo,
554 944 679 1019 milites
694 946 727 1019 se
745 944 1041 1043 circumspiciendi
1056 974 1130 1023 non
1145 946 1234 1049 haq'³

117 1080 121 1091 ·
167 1042 294 1116 bebant
315 1042 522 1117 facultatem.
555 1045 726 1118 Praeterea
742 1044 787 1116 ita
809 1048 853 1118 eit
878 1046 993 1120 Sicilia
1008 1049 1206 1133 exercitum

165 1140 472 1233 transportaverat,
491 1164 531 1214 ut
541 1135 667 1237 praeter
677 1140 788 1240 ipsum
805 1141 996 1218 militem&
1011 1169 1123 1238 arma,
1141 1170 1207 1222 ne·

165 1262 234 1334 que
251 1262 328 1325 vas,
355 1263 467 1332 neque
484 1239 716 1338 mancipium,
743 1261 854 1336 neque
872 1239 979 1314 ullam
998 1266 1095 1331 rem,
1122 1267 1206 1342 quae

163 1335 227 1407 usu
251 1335 352 1407 militi
367 1336 432 1411 esse
453 1336 656 1422 consuevit,
681 1336 717 1407 in
734 1359 835 1408 naves
851 1337 984 1447 imponi
1002 1359 1203 1438 patereturt

112 1472 141 1545 4
164 1451 179 1483 2
199 1433 234 1504 in
252 1432 402 1505 Africam
419 1454 533 1506 autem
552 1459 622 1508 non
642 1433 748 1506 modo
769 1433 830 1507 fibi
850 1437 1040 1534 quidquam
1058 1461 1131 1526 non
1145 1463 1204 1514 ac·

164 1530 348 1623 quisrerant
362 1552 421 1604 aut
445 1548 643 1624 paraverant
661 1560 673 1624 3
696 1529 752 1604 sed
773 1531 873 1605 etiam
894 1555 1035 1633 propter
1053 1558 1204 1610 annonae

114 1657 140 1732 5
164 1628 358 1719 caritatem,
383 1649 461 1701 ante
480 1649 591 1727 parata
608 1625 901 1726 consumpserant.
937 1631 1079 1730 Quibus
1099 1633 1200 1708 rebus

161 1727 347 1818 attenuati,
371 1727 501 1822 oppido
518 1749 681 1824 perquam
699 1727 796 1823 pauci
824 1726 887 1801 sub
911 1731 1059 1827 pellibus
1082 1730 1214 1830 acqui-¹

160 1824 340 1897 escebant:
366 1823 487 1924 reliqui
497 1849 541 1903 ex
551 1823 761 1900 vestimentis
778 1825 972 1902 tentoriolis
987 1827 1101 1915 fadis,
1120 1847 1132 1887 ³
1151 1849 1206 1904 at-

161 2021 299 2071 Attestatur
315 2025 341 2072 &
359 2024 438 2070 Livius
447 2019 492 2072 lib.
509 2038 564 2073 vtt.
576 2023 607 2072 de
615 2026 665 2072 De·
729 2040 753 2075 2.
770 2030 797 2071 In
822 2027 931 2085 Africam
947 2039 1078 2074 autemnon
1092 1951 1156 2073 modqo
1168 2027 1205 2086 fi-

161 2089 203 2136 cio
218 2088 251 2138 stc
267 2087 398 2137 scribens:
418 2092 499 2153 Vigiliis
513 2091 666 2155 deiudsdisps-
696 2091 716 2136 bi
732 2091 869 2154 quidquam]
898 2096 956 2150 MS.
982 2097 1073 2140 Nsrvic.
1108 2096 1132 2140 in
1157 2099 1203 2140 ,A-

156 2155 206 2212 stris
225 2190 232 2212 ‚
249 2161 323 2203 cereris
338 2156 433 2202 omnibus
449 2157 548 2217 tesseram
563 2157 612 2203 dari
623 2161 664 2217 ju·
691 2157 775 2215 frica,
802 2167 831 2203 ac
849 2159 883 2205 ita
903 2154 962 2206 sane
978 2174 1009 2207 ex
1026 2156 1095 2207 Cod.
1122 2159 1205 2205 Thun-

161 2221 210 2277 het3
227 2225 270 2269 vbi
285 2223 381 2281 secunda
401 2224 480 2285 uigilia
495 2224 664 2271 buccinadatum
695 2239 737 2269 naeo
752 2216 876 2286 rescripstt
886 2224 952 2282 Joan.
964 2224 1094 2280 Gaduinus3
1112 2238 1204 2274 emen-

127 2326 129 2330 ,
157 2287 243 2348 squam
260 2289 324 2348 effer,
341 2291 483 2334 armaricam
493 2289 576 2346 stlenrin
595 2291 626 2336 ad
638 2292 664 2350 se
694 2286 797 2335 datione
822 2300 910 2337 tamen
939 2287 1004 2336 nihil
1041 2288 1075 2337 est
1106 2303 1171 2353 opus
1194 2324 1203 2349 ,

161 2357 268 2403 venirent.
286 2354 333 2402 Hic
348 2356 434 2399 Hirtius
443 2367 518 2419 auget
532 2353 664 2403 horrorem
692 2366 753 2401 uam
769 2351 865 2401 constat
891 2353 957 2402 hanc
977 2353 1202 2418 praepositionem,

161 2419 215 2474 rei,
234 2434 290 2468 cum
308 2418 456 2482 intempesta
472 2421 547 2470 noile
556 2417 663 2470 evenisse
692 2418 771 2466 etiam
791 2433 847 2467 cum
860 2423 952 2482 quictem
966 2433 1058 2477 notet,
1075 2422 1203 2482 accusativa

160 2481 252 2532 scribat
270 2521 277 2542 ‚
293 2489 318 2535 δι
337 2482 410 2548 signo
426 2485 530 2550 quidem
546 2485 662 2536 confesto
692 2483 803 2544 inustam
826 2486 938 2549 reperiri.
967 2490 1052 2533 Curtius
1075 2484 1121 2535 lib.
1142 2503 1201 2538 111.

160 2550 186 2598 vi
206 2551 307 2599 iliarum
323 2568 329 2598 :
345 2549 448 2613 quando
462 2553 532 2600 enim
546 2554 663 2600 commit·
693 2564 747 2613 cap.
765 2564 789 2605 v,
808 2564 846 2599 10.
868 2553 953 2616 Qippe
966 2556 1066 2599 Darium
1083 2555 1203 2618 quinrsdie

160 2566 278 2667 tegantur
296 2617 406 2682 vig-ilia,
423 2619 467 2681 qui
483 2630 534 2666 tres
550 2618 603 2676 jam
617 2618 663 2666 ho·
692 2615 720 2661 in
736 2614 857 2662 Ciliciam
872 2617 922 2674 fore
938 2621 1089 2668 nunciabatur.
1107 2619 1144 2666 Sic
1157 2626 1203 2666 ca-

160 2698 202 2732 tas
218 2684 405 2749 vigilaverunt,
420 2679 663 2749 tentoriasuatepe·
689 2681 730 2739 sar
747 2676 792 2728 tib.
815 2695 837 2729 1.
856 2679 887 2729 de
902 2687 967 2736 Bell.
984 2687 1041 2735 Civ.
1061 2699 1115 2749 cap.
1134 2699 1200 2735 xxv.

160 2747 268 2806 rebant,
285 2753 311 2801 δι
330 2750 372 2814 qui
386 2762 436 2798 tres
444 2750 572 2815 proximas
588 2748 664 2798 horas
692 2749 715 2793 in
728 2745 852 2810 potestatem
870 2751 943 2798 habere
953 2751 1028 2801 dixit.
1046 2751 1109 2799 Vide
1126 2754 1155 2798 G.
1169 2750 1200 2807 J.

159 2817 291 2882 vigilaturi
307 2829 395 2872 erunt,
413 2815 444 2864 ad
458 2814 571 2864 stationis
579 2816 665 2866 locum
695 2811 784 2873 Vsffiunn
799 2810 831 2860 de
847 2815 989 2869 Construst.
1007 2832 1062 2884 cap.
1082 2830 1136 2864 cxv.
1173 2821 1203 2859 1-

159 2881 323 2942 tendebant,
349 2880 415 2931 unde
437 2883 523 2946 aliqua
537 2884 565 2931 in
580 2880 663 2931 castris
692 2880 748 2926 aem.

159 2946 323 3007 discursatio,
341 2963 393 3013 quae
401 2947 532 2996 honorem
547 2945 616 2996 casus
625 2945 662 2996 su·
726 2963 749 3002 3.
768 2954 849 3014 vitque
856 2950 996 2997 arundinibus
998 2950 1105 3012 ftoptfque
1112 2955 1201 3015 contepe-

160 3013 208 3065 biti
234 3030 324 3080 augete
349 3028 458 3079 poterat.
500 3013 663 3079 virgiliarum
691 3014 735 3070 ris]
760 3014 797 3063 Sie
820 3015 900 3065 edidit
917 3017 965 3075 Jss.
983 3018 1101 3074 Scaliger,
1125 3021 1150 3055 at
1169 3024 1200 3058 ¹¹1

159 3096 237 3146 porro
252 3081 463 3130 commemoratio
481 3114 488 3136 ‚
503 3092 560 3127 tota
578 3082 663 3130 aliena
693 3089 753 3130 vett.
772 3079 835 3130 cufis
851 3080 982 3147 legebatur
999 3078 1137 3125 arundinibus
1153 3089 1200 3122 co-

159 3146 211 3203 est,
228 3146 297 3210 quod
313 3162 358 3196 nec
366 3145 449 3195 statim
459 3143 513 3210 post
529 3160 663 3196 eatumor-
691 3142 906 3213 tiisquecuntesiis,
923 3146 964 3194 vel
975 3147 1086 3193 contextis.
1100 3142 1199 3191 Vitium

159 3225 215 3261 rum
230 3227 277 3260 nec
294 3209 412 3262 occasum
428 3211 534 3260 omnino
550 3209 662 3261 incidisse
691 3206 783 3260 subesse
800 3225 870 3275 putat
886 3215 911 3272 J.
930 3211 1013 3272 Lipfius
1030 3206 1074 3258 lib.
1092 3224 1115 3257 v.
1136 3209 1201 3258 Mil.

160 3280 321 3342 comperitur.
358 3280 478 3326 Gadunnus.
692 3281 769 3325 Rom.
787 3278 857 3326 Dial.
882 3292 905 3326 v.
927 3276 1129 3339 quamodrem,
1155 3276 1201 3322 in·
1232 3280 1234 3285 ’

196 3361 218 3396 1.
236 3350 265 3390 In
285 3349 347 3392 tertio
363 3358 482 3406 quartoque
498 3341 535 3387 aii
549 3343 662 3407 pracedru-
692 3345 765 3405 quir,
780 3344 920 3388 arundinibus
934 3343 1037 3404 coriisque
1054 3343 1139 3387 cuntessi
1156 3375 1163 3395 ,
1176 3341 1203 3397 st

160 3414 203 3471 dn]
221 3415 268 3460 Pet.
287 3414 404 3458 ciacconius
420 3406 557 3475 legendum
576 3410 662 3468 conje·
692 3422 753 3469 negas
766 3409 832 3468 pelles
846 3408 962 3468 linbuiffe?
980 3408 1036 3454 carii
1054 3407 1199 3470 itaquevo-

158 3477 195 3526 cit
212 3479 328 3523 tertianus
348 3489 425 3539 quarto
440 3491 524 3538 quoque
543 3475 577 3521 die
589 3489 662 3537 prace—
694 3488 748 3520 cem
763 3467 857 3519 salsam
872 3485 962 3537 putat,
979 3487 1025 3537 pto
1046 3486 1097 3536 qua
1106 3472 1200 3531 stanesf-

141 3545 245 3599 .dendo;
262 3538 306 3590 sed
321 3541 401 3588 nimia
418 3539 453 3588 est
470 3540 516 3588 hac
534 3541 661 3588 mutatio:
695 3553 736 3599 que
749 3539 860 3601 reponit.
892 3539 963 3587 ldem
980 3552 1066 3587 tamen
1083 3541 1109 3587 in
1127 3551 1200 3585 veru-

158 3607 248 3658 lubens
270 3620 358 3664 tamen
381 3621 530 3670 reponerem
555 3609 576 3650 in
593 3608 661 3650 ‹tersis›
694 3600 769 3649 sliote
787 3600 854 3650 libro
870 3607 1001 3652 arundinum
1018 3610 1079 3669 copiis
1094 3605 1147 3669 legi
1157 3616 1201 3651 te-

158 3690 269 3738 quartnve
284 3675 320 3720 die
335 3674 477 3737 prosedendo,
495 3669 660 3734 quemadmo·
686 3664 768 3716 'statut
786 3666 965 3734 (quomododt
979 3672 1005 3718 in
1016 3676 1091 3718 Veneto
1098 3668 1198 3734 nostro)

159 3738 220 3790 dum
237 3739 329 3816 legitur
343 3739 371 3787 in
388 3737 462 3789 editt.
479 3743 545 3805 Rom.
557 3740 607 3787 Vin.
617 3740 658 3784 Be·
675 3746 727 3859 pex
740 3748 796 3810 ¹quo
813 3734 880 3784 haud
896 3739 965 3790 male
979 3739 1111 3787 arundinum
1119 3739 1199 3802 copulis

158 3809 229 3860 ruald.
265 3810 367 3858 Davtes.
676 3796 767 3885 ¹sarcit.
803 3807 879 3854 lirant.
