2616 4462
223 293 341 387 644¹
412 236 503 357 ΙΑ.
535 279 751 355 Hru'rrt
783 277 1088 354 Contrane.

222 398 457 500 periculorum
483 401 524 474 ad
540 399 688 500 jaduras
708 454 721 486 ,
744 400 782 473 δε
799 399 1003 475 detrimenta
1018 398 1066 473 rei
1085 393 1268 474 familiaris

222 498 485 599 adjungebatur.
509 575 513 581 ,

174 606 197 694 [1
271 594 316 665 L.
343 596 483 684 Quibus
501 595 544 668 de
563 594 679 670 caussis
693 593 836 685 accidit,
860 615 921 687 ut,
944 594 1289 696 quumLonginue

224 691 415 788 Imperator
428 693 544 766 eadem
566 691 711 784 faceret,
737 717 816 791 quae
831 691 956 767 fecerat
973 694 1145 792 quaestor,
1168 694 1265 766 linri-

223 787 268 859 lia
286 789 400 863 rursus
424 791 467 863 de
484 810 596 863 morte
610 792 685 888 ejus
707 789 933 889 provinciales
958 791 1096 864 confilia
1120 791 1260 863 inirent.

225 885 368 959 Horum
384 888 506 960 odium
522 887 772 960 confirmabant
788 886 950 960 nonnulli
970 888 1150 962 familiares
1161 888 1258 986 ejus:

174 1016 199 1066 2
224 984 309 1078 qui,
335 1008 445 1080 quum
463 985 497 1056 in
514 985 570 1057 illa
582 984 959 1058 societateversarentur
973 985 1188 1084 rapinarum,
1206 984 1261 1056 ni·

222 1079 295 1151 hilo
314 1084 426 1155 minus
443 1082 586 1155 oderant
601 1097 702 1173 eum,
726 1079 823 1180 cujus
839 1083 978 1154 nomine
995 1082 1198 1179 peccabant:
1218 1080 1263 1154 st·

222 1175 347 1274 bique,
374 1180 470 1277 quod
488 1199 691 1278 rapuerant,
712 1201 889 1279 acceptum
901 1178 1075 1266 ferebant3
1099 1180 1195 1279 quod
1208 1178 1263 1252 in-

158 1276 164 1286 “
222 1274 424 1366 terciderat,
448 1269 689 1350 auteraiinter
716 1276 881 1368 ellatum,
905 1275 1018 1350 Cassio
1036 1274 1263 1375 assignabant.

103 1401 105 1405 ·
176 1402 197 1484 3
224 1394 246 1442 v
264 1370 437 1469 legionem
465 1398 591 1445 novam
607 1398 673 1446 con
691 1373 804 1447 cribit.
836 1376 997 1473 Augetur
1021 1375 1141 1447 odium
1160 1374 1197 1448 bt
1213 1384 1259 1448 ex

221 1466 298 1564 ipso
313 1468 470 1561 deleslu,
496 1468 684 1569 &sumptu
702 1470 826 1544 additae
842 1471 997 1571 legionis.
1022 1470 1261 1568 Complentur

221 1565 381 1661 equiturn
403 1592 468 1638 111
495 1567 620 1640 millia:
648 1581 660 1617 ¹
678 1568 902 1666 maximisque
920 1589 1108 1644 onerantur
1123 1570 1262 1668 impen-

222 1660 282 1734 sis:
311 1688 372 1736 nec
390 1665 579 1761 provinciae
596 1665 695 1739 datur
711 1665 780 1738 ulla
798 1690 832 1737 re
860 1665 942 1739 uies.

177 1804 194 1850 1
271 1759 336 1831 Ll.
361 1760 503 1835 Interim
523 1762 650 1836 litteras
664 1689 982 1861 accepitalslaesare,
1007 1780 1048 1836 ut
1058 1761 1094 1834 in
1104 1760 1261 1838 Africam

220 1857 414 1931 exercitum
440 1861 677 1958 transjiceret,
702 1885 833 1958 perque
855 1859 1098 1933 Mauritaniam
1114 1860 1155 1931 ad
1173 1861 1266 1936 fines

220 1953 404 2030 Numidiae
419 1957 631 2055 perveniret:
657 1955 752 2054 quod
769 1981 891 2057 magna
906 1957 978 2031 Cn.
991 1958 1159 2066 Pompejo
1170 1958 1262 2052 Juba
1298 1988 1302 1999 “

94 2114 98 2123 ,
221 2075 284 2125 rex
302 2053 434 2125 miserat
445 2054 590 2141 auxilia,
609 2056 804 2152 majoraque
816 2054 975 2127 mislirrus
990 2051 1262 2131 existimabatur.

106 2224 110 2228 .
171 2176 197 2229 2
221 2148 363 2245 Quibus
379 2151 500 2225 litteris
515 2151 690 2248 acceptis,
715 2149 872 2226 insolenti
898 2150 1079 2250 voluptate
1096 2149 1262 2227 effereba-

222 2267 308 2334 tur,
334 2251 428 2346 quod
447 2249 507 2321 sibi
523 2273 691 2323 novarum
710 2247 989 2348 provinciarum,
1013 2250 1050 2324 &
1065 2246 1263 2325 fertilissimi

174 2357 198 2440 3
224 2345 321 2445 regni
336 2367 426 2419 tanta
444 2346 558 2420 oblata
571 2346 653 2423 esset
669 2345 822 2424 facultas.
846 2347 969 2444 ltaque
980 2345 1049 2444 ipse
1067 2346 1102 2417 in
1118 2346 1277 2423 Lufita:

223 2444 315 2514 niam
341 2442 597 2536 proficiscitur,
620 2445 664 2517 ad
689 2444 843 2544 legiones
858 2443 1092 2533 accersendas,
1117 2444 1261 2520 auxilia·

222 2565 294 2631 que
310 2540 508 2615 adducenda
531 2568 539 2613 :
566 2542 667 2616 certis
693 2540 893 2639 hominibus
909 2541 966 2614 dat
990 2539 1194 2640 negotium,
1218 2565 1261 2620 ut

221 2635 439 2710 frumentum
464 2637 633 2738 navesque
657 2663 679 2711 c
703 2660 1006 2738 praepararentur,
1031 2638 1261 2741 pecuniaeque

222 2730 526 2831 describerentur,
557 2754 573 2787 2
590 2756 693 2836 atque
717 2738 965 2832 imperarentur
987 2793 998 2829 ,
1023 2762 1065 2811 ne
1088 2760 1156 2834 qua
1177 2764 1261 2833 res,

171 2847 199 2926 4
222 2856 332 2929 quum
351 2833 734 2931 redisset,moraretur.
770 2833 922 2908 Reditus
939 2835 1014 2934 ejus
1027 2833 1094 2921 suit
1114 2837 1260 2912 celerior

220 2929 378 3002 omnium
393 2932 559 3029 opinione
578 2958 587 3004 ε
616 2929 792 3004 nonenim
810 2930 906 3005 labor
925 2953 983 3007 aut
1002 2929 1177 3029 vigilantia
1195 2957 1262 3007 cu-

219 3026 327 3122 pienti
345 3030 534 3118 praesertim
555 3029 684 3126 aliquid
702 3026 816 3103 Cassio
835 3031 958 3104 deerat.

173 3129 191 3182 ¹
267 3119 367 3202 LII.
394 3125 561 3201 Exercitu
585 3126 705 3200 condo
722 3128 759 3201 in
781 3151 891 3202 unum
912 3127 1060 3215 locum,
1082 3120 1196 3298 castrg
1214 3129 1257 3204 ad

832 3264 833 3268 =
1198 3251 1258 3301 or-

189 3370 191 3374 ·
252 3358 274 3394 1.
300 3345 449 3409 rlsaximisque
473 3360 588 3396 oneramur
603 3345 723 3411 impensis]
755 3363 812 3406 ees,
828 3361 881 3414 quae
895 3345 923 3397 sn
939 3343 1057 3396 omnibus
1072 3348 1256 3401 MSStis&an-

216 3412 287 3460 MSS.
305 3412 382 3477 Regii
403 3425 455 3462 ιιι.
473 3416 575 3462 Thuanai
590 3429 628 3464 11.
651 3415 720 3461 Vislo·
753 3417 857 3480 tiquitus
868 3410 962 3463 excusis
980 3426 1142 3478 comparent,
1159 3428 1256 3468 temere

213 3493 279 3525 ranas
300 3493 321 3526 1.
337 3480 362 3527 ὃ(
379 3475 452 3525 editt.
469 3484 535 3543 Rom.
557 3484 605 3526 Veri,
620 3481 718 3528 Beroald.
770 3478 850 3530 torsus
865 3476 949 3528 omisit
965 3479 1013 3541 Μ.
1030 3484 1143 3544 Scalr'ger3
1164 3480 1256 3532 descri-

214 3538 312 3591 habent
328 3555 432 3589 ornantur
447 3545 563 3605 imperaſse,
580 3543 649 3608 quod
666 3559 719 3592 me·
751 3497 843 3603 buntur
856 3547 925 3596 enim
935 3545 1061 3610 pecunia,
1079 3562 1135 3596 curn
1149 3560 1218 3597 certa
1227 3565 1256 3600 u·

214 3605 266 3656 lius
284 3606 334 3656 est:
353 3621 413 3656 nam
425 3606 543 3672 impensis
551 3610 643 3657 civium
652 3624 720 3657 com·
753 3614 871 3678 nicuique
884 3609 981 3661 summa
998 3613 1136 3679 imponitur
1152 3611 1255 3664 solven-

212 3672 317 3737 plentur
331 3677 357 3726 δι
373 3687 492 3722 ornantur
500 3675 612 3738 equites,
630 3688 721 3723 nono-
753 3678 803 3738 da,
819 3681 1197 3744 imperanturautem,cumeas
1207 3695 1258 3751 po·

210 3743 342 3792 urerentur.
368 3742 475 3790 auorum,
753 3743 949 3804 slulatexastox.
982 3749 1081 3814 Devius,

1048 3822 1057 3841 9

245 3831 272 3887 a.
292 3824 373 3890 Atqu
386 3818 559 3888 imperantur]
576 3812 658 3876 Haste
673 3832 720 3878 tn·
