2616 4462
138 264 141 269 ’
253 258 900 346 'tar-:BrunoAnexartnnruo
1034 261 1112 369 637*
1177 314 1180 318 ·

23 376 26 380 ⁴
75 381 249 477 consede,
273 404 386 457 tamen
399 380 579 480 prudentia
593 406 631 455 ac
640 381 816 483 diligentia
830 383 906 473 sua,
929 376 1024 484 quod
1035 400 1112 462 ma·'

76 509 178 586 gnam
193 505 308 555 curam
319 479 537 576 suscipiebat,
556 504 681 578 nequo
694 500 820 555 temere
832 485 1113 580 progrederetur,

77 589 115 659 ὃ(
130 578 280 678 recepit,
304 577 513 652 &defendit
532 602 540 648 :
567 578 769 674 namque&
785 579 919 650 castella
935 580 1114 677 complura
1137 601 1162 681 3

75 679 158 753 Iocis
169 676 268 752 editis
277 673 404 773 pofita,
417 675 823 843 quorumopportunitas
840 675 1116 761 castellanosflim-

74 772 225 877 pellebat
244 772 286 845 ad
310 771 415 844 decur
443 797 525 846 ones
542 769 739 862 faciendas,
763 773 799 846 ὃ(
819 771 949 846 bellum
967 773 1117 847 inferen-

74 876 184 963 dum,
206 869 443 968 expugnavit3
465 870 697 967 eaquepraeda
711 868 835 942 milites
849 871 1013 962 donavit,
1037 895 1117 968 quae

76 971 144 1045 etst.
154 967 367 1067 martenum,
392 969 557 1048 tamenin
577 986 667 1038 tanta
678 966 868 1064 provinciae
886 967 1118 1064 desperatione

75 1087 147 1142 erat
164 1085 286 1164 grata,
310 1062 498 1161 praesertim
522 1063 652 1146 virtute
672 1084 766 1159 parta
787 1090 799 1153 3
823 1066 861 1137 bc
881 1088 989 1162 quum
1009 1064 1115 1139 oota·
1139 1081 1165 1162 4

78 1164 156 1239 vius
173 1186 217 1236 ex
232 1160 314 1261 fuga
331 1158 513 1234 Pharsalici
534 1160 650 1257 proelii
666 1161 903 1259 magnnclalle
920 1161 956 1233 in
972 1162 1072 1235 illurn
1085 1161 1118 1236 se

78 1260 190 1335 sinum
209 1257 422 1342 contulisset,
447 1260 565 1357 paucis
576 1257 721 1332 navibus
738 1257 1010 1344 ladertinorum,
1028 1284 1119 1358 quo·
1215 1308 1217 1313 -

28 1402 29 1406 =
80 1382 159 1432 rum
178 1354 308 1452 semper
326 1355 362 1429 in
381 1357 511 1454 Remp.
542 1353 711 1454 fingulare
729 1354 926 1429 constiterat
942 1354 1120 1448 officium,

79 1451 235 1552 dispersrs
250 1451 451 1527 Octaviano
469 1451 616 1526 navibus
630 1474 702 1526 etat
716 1454 867 1550 potitus3
890 1474 930 1526 ut
949 1453 1004 1526 vel
1021 1454 1121 1529 claffe

80 1551 242 1625 dimicare
252 1549 378 1647 pollet,
397 1567 408 1600 ¹
427 1548 596 1648 adjunctis
604 1549 747 1647 captivis
764 1550 910 1623 navibus
927 1549 1118 1625 sotiorum:

72 1650 118 1724 ’δε
136 1672 247 1747 quum
256 1646 475 1720 diverfissima
489 1667 582 1744 parte
591 1647 684 1721 orbis
699 1666 864 1721 terrarum
881 1647 951 1719 Cn.
969 1649 1120 1746 Pompe·
1144 1677 1168 1758 5

77 1748 155 1846 jum
170 1743 284 1818 victor
301 1742 416 1818 Caesar
433 1742 633 1841 sequeretur
651 1769 661 1828 3
688 1745 951 1842 compluresque
967 1745 1121 1819 adversa-

81 1845 152 1916 rios
161 1842 196 1915 in
208 1842 388 1940 Illyricum
401 1897 414 1932 ,Δ
428 1860 571 1938 propter
584 1841 799 1915 Macedoniae
814 1842 1121 1950 propinquitatem,

82 1939 135 2030 se,
159 1938 311 2035 reliquiis
328 1962 373 2011 ex
391 1939 475 2037 fuga
490 1936 664 2028 colledlis,
688 1938 867 2012 contulille
883 1940 1040 2029 audtret,
1064 1941 1123 2013 Iit·

82 2057 170 2112 teras
185 2037 226 2108 ad
235 2035 425 2108 Gabinium
437 2035 564 2126 mittit,
588 2037 729 2109 uticum
742 2035 937 2135 legionibus
952 2037 1137 2127 tironum,
1203 2101 1204 2104 ,

74 2160 163 2234 ¹quae
181 2158 293 2230 nuper
308 2154 403 2206 erant
419 2132 641 2231 conscriptae,
667 2132 939 2229 proficisceretur
956 2134 991 2206 in
1006 2133 1124 2229 Illyri-

83 2257 185 2322 cum‚
209 2229 472 2330 conjunblisque
488 2230 595 2325 copiis
608 2228 971 2325 cquCornificio,
990 2231 1123 2329 fiquod

84 2329 277 2426 perieulum
292 2328 480 2426 provinciae
491 2327 692 2414 inferretur,
709 2326 912 2423 depelleret:
938 2327 988 2401 fin
1003 2354 1120 2402 canon
1147 2333 1174 2410 6

86 2426 218 2524 magnis
236 2427 342 2525 copiis
361 2425 509 2499 tutaeffe
520 2422 646 2522 pollet,
673 2441 687 2477 ²
705 2423 740 2496 in
757 2424 997 2499 Macedoniam
1014 2427 1124 2527 legio·

87 2547 146 2595 nes
162 2522 364 2596 adduceret:
391 2547 531 2595 omnem
540 2520 632 2594 enim
650 2520 742 2593 illam
758 2543 905 2622 partem,
929 2524 1125 2623 regionem-

88 2643 187 2716 que,
211 2619 385 2693 vivo-Cn.
405 2621 604 2720 Pompejo,
627 2618 759 2694 bellum
780 2620 1038 2696 instauratur-am
1059 2620 1125 2694 elle

86 2715 259 2791 credebat.
356 2746 359 2751 ·
1066 2778 1069 2782 Α
1238 2772 1240 2777 ,

134 2812 276 2888 XLIII.
302 2812 497 2897 Gabinius,
524 2833 565 2888 ut
581 2816 616 2889 in
633 2814 815 2914 Illyricum
832 2814 955 2900 venit,
981 2813 1128 2887 hiberno
1155 2834 1177 2907 r,

88 2931 246 3007 ternpore
261 2911 361 2992 anni,
384 2910 585 3001 acdifficili,
601 2911 670 2986 five
679 2912 904 3011 copiofiorem
914 2910 1129 3006 provinciam
1291 2935 1294 2943 ·

88 3009 304 3101 existimans,
329 3005 399 3081 srve
419 3006 569 3080 multum
588 3005 740 3084 fortunae
756 3007 899 3084 vicloris
912 3006 1055 3081 Caesaris
1067 3006 1130 3082 tri-

90 3103 215 3194 buens,
240 3108 309 3184 five
326 3106 509 3182 virtute&
527 3104 663 3178 scientia
677 3107 735 3182 sua
751 3105 922 3199 confisus,
948 3130 1052 3204 quam
1067 3104 1131 3180 sae-

127 3314 151 3350 1.
169 3306 289 3366 Adjundis
307 3306 399 3373 captivit
416 3308 509 3356 navibus
520 3304 591 3368 socio·
628 3317 684 3370 ιαμ.
702 3306 729 3360 d
740 3304 835 3370 postllm·
852 3323 923 3357 rew-
957 3309 1042 3358 Blaut-

91 3370 158 3424 rum]
174 3371 261 3420 Paullo
276 3373 347 3439 post:
363 3379 427 3422 Dum
438 3375 507 3435 suas,
524 3376 591 3435 capti-
661 3365 686 3423 i.
703 3378 731 3420 In
745 3372 896 3419 Macedoniam
905 3375 992 3436 legiones
1000 3374 1131 3439 adduceret]

93 3435 178 3496 vasque
191 3438 366 3499 nauesreficeret.
385 3441 453 3502 Cesar
461 3438 533 3505 supra
544 3438 589 3489 lib.
628 3441 666 3488 Sic
683 3436 820 3509 legendum
844 3454 875 3488 ex
897 3443 971 3488 Msto
985 3444 1077 3493 Narvir.
1101 3445 1130 3494 ἃ

94 3514 134 3550 11.
153 3495 183 3547 de
206 3503 268 3553 Bell.
288 3507 344 3557 civ.
368 3521 422 3572 cap,
438 3523 461 3558 v.
487 3514 546 3555 Nam
562 3508 592 3554 ad
627 3505 689 3555 edit.
711 3508 784 3568 Steph.
805 3503 885 3556 edidit
902 3505 971 3554 enim
990 3506 1037 3567 J0f·
1058 3510 1130 3555 Scali·

93 3585 143 3624 eat,
162 3582 207 3631 qua
218 3567 378 3628 fadlaefuerant
394 3577 491 3622 Arelate
502 3585 541 3636 per
550 3581 591 3622 Cae·
624 3581 682 3637 ger,
698 3575 720 3623 in
727 3573 880 3620 Macedoniam
891 3575 978 3637 legiones
985 3572 1128 3633 adducerent,

90 3636 187 3696 sarem,
203 3635 291 3696 captiva
300 3637 460 3698 Maffilienfium
468 3639 594 3700 acceffmnt
627 3653 656 3689 ac
673 3636 779 3690 itasane
794 3636 914 3689 exhibent
923 3635 1131 3702 antiquiss'rmiex

90 3701 140 3763 fix.
166 3703 251 3775 Nares
267 3696 297 3748 ab
315 3699 421 3752 hostibus
439 3719 516 3770 capta:
532 3740 540 3764 ‚
557 3724 593 3754 ca·
625 3703 748 3772 imprell'rs
764 3703 857 3761 codd?
873 3710 942 3774 ‘Rssnn
960 3708 1012 3758 Vm.
1028 3707 1131 3772 uenata,
1153 3737 1155 3741 .

90 3763 314 3831 privadrcebantur
330 3802 337 3824 ‚
354 3767 441 3839 quibus
457 3772 551 3822 idcirco
566 3775 593 3824 δι
627 3773 729 3830 varies·
960 3774 962 3777 ’
1011 3773 1014 3776 ’

93 3829 595 3902 postlmmunest,exub.11.u.ae
727 3834 731 3842 ’
