2616 4462
239 233 851 363 neuntio-Hrsriiumnsr:
1014 258 1091 361 763
1144 270 1146 273 ’

49 384 71 439 l
88 398 130 458 ut
145 378 277 481 equites
291 378 399 480 spatio
416 378 601 455 intercluso
617 384 678 458 vix
696 383 728 458 se
743 378 926 457 defendere
942 382 1089 481 possent.

54 482 116 555 Ex
132 481 183 556 his
201 501 352 577 utroque
371 503 495 580 genere
510 502 639 580 pugnae
655 482 852 579 complures
872 479 1091 563 sunovulne-
1116 485 1148 578 ἃ
1193 532 1196 538 1

55 579 152 667 ribus
164 575 298 663 aneni,
323 577 360 650 in
377 577 455 676 quis
468 580 570 650 etiarn
596 598 611 630 2
629 579 777 654 Clodius
795 578 982 677 Aquitius:
1003 578 1093 652 inter

17 675 19 679 ’
56 700 155 774 quos
165 676 211 750 ita
226 674 386 750 cominus
403 676 453 751 est
468 697 686 775 pugnatum,
709 699 750 751 ut
774 701 819 753 ex
838 676 980 761 nostris,
1004 700 1094 773 prae·

52 793 107 946 per
127 797 164 846 ιι
187 773 423 857 centuriones,
450 773 603 850 sitnemo
620 777 845 866 desideratus,
871 774 981 876 gloria
996 776 1028 847 l'e
1044 771 1096 847 es·

70 891 216 947 erentes.
857 929 859 935 Α

102 968 249 1046 xxiv.
272 966 416 1043 Postero
431 968 486 1046 die
500 969 544 1044 ab
561 969 727 1045 Soricaria
743 990 901 1070 utraeque
918 992 1094 1044 convene·
1123 981 1145 1043 ι’

53 1067 223 1166 recopiae.
248 1065 652 1143 Nostribrachiaducere
666 1091 861 1168 coeperunt.
885 1069 1095 1167 Pompejus,
1120 1090 1145 1140 a.

55 1188 167 1263 quum
191 1163 510 1259 animadverteret,
534 1165 671 1240 castello
696 1165 729 1239 se
755 1168 895 1242 excludi
920 1166 1097 1265 Aspavia,
1135 1232 1139 1239 .

56 1263 154 1359 quod
169 1262 214 1336 ab
232 1261 351 1337 Ucubi
369 1262 475 1338 millia
487 1265 642 1362 passuum
653 1264 806 1353 vdistat,
831 1267 965 1340 haecres
982 1261 1097 1338 neces-

54 1361 142 1434 sario
158 1359 324 1447 vocabat,
351 1382 392 1437 ut
405 1363 447 1436 ad
466 1364 701 1438 dimicandum
716 1364 958 1440 descenderet:
985 1385 1097 1462 neque
1123 1375 1149 1461 3

55 1477 170 1534 tamen
185 1485 291 1560 aequo
306 1460 386 1536 loco
402 1461 453 1534 sui
468 1463 672 1562 potestatem
688 1461 852 1555 faciebat,
878 1461 934 1535 sed
951 1484 995 1533 ex
1015 1484 1099 1560 gru·
1119 1545 1127 1556 ι
1153 1518 1155 1522 ,

55 1583 117 1633 mo
132 1559 308 1635 excelsum
324 1561 503 1634 tumulum
519 1560 693 1658 capiebat,
717 1560 827 1671 usque
843 1587 906 1643 eo,
929 1579 969 1632 ut
984 1557 1099 1632 neces·
1133 1576 1135 1581 '

58 1657 145 1731 sario
172 1677 356 1758 cogeretur
377 1657 538 1757 iniquum
562 1660 679 1735 locum
704 1657 828 1734 subire.
874 1657 959 1752 Quo
985 1655 1099 1746 sablo,
1123 1660 1151 1750 4

88 1776 423 1854 uum'utrorumque
437 1757 547 1854 copiae
563 1755 739 1831 tumulum
757 1755 982 1830 excellentem
1000 1753 1117 1850 petis,-¹

61 1780 166 1942 slent,
190 1853 358 1952 prohibiti
380 1851 541 1929 duostris
555 1854 661 1946 sunt,
687 1871 698 1911 ³
720 1853 914 1952 dejedtique
935 1851 1100 1950 planitie:

63 1975 145 2049 quae
164 1975 218 2023 res
239 1947 430 2024 secundum
448 1951 571 2027 nostris
588 1950 756 2026 efficiebat
770 1952 950 2049 proelium.
986 1947 1101 2020 Undi-
1126 1961 1153 2039 5

63 2074 133 2148 que
149 2069 265 2122 autem
274 2048 473 2129 cedentibus
487 2050 701 2143 adversariis,
725 2048 833 2122 nostri
849 2072 974 2147 magna
989 2045 1025 2116 in
1036 2069 1103 2214 cp-

98 2261 121 2297 1.
138 2252 174 2295 Ut
187 2247 268 2311 equites
279 2244 353 2311 spatie
369 2247 481 2308 intercluso
492 2249 533 2295 uix
544 2247 570 2307 se
660 2251 709 2297 PR
719 2251 732 2295 1
741 2250 762 2296 V
771 2250 793 2295 A
801 2250 823 2294 Τ
832 2250 868 2295 AE.
895 2247 924 2292 M
934 2249 956 2295 A
966 2248 987 2293 Τ
997 2247 1043 2293 RI

66 2313 178 2374 defendere
187 2313 285 2377 peffent]
303 2312 452 2378 Legendum
467 2329 498 2363 ex
513 2317 566 2362 MS.
614 2317 636 2362 T
645 2318 665 2364 l.
683 2317 705 2361 C
714 2317 734 2361 L
744 2317 766 2361 A
777 2317 797 2360 V
808 2317 880 2374 D-IV
889 2315 912 2361 S.
930 2317 952 2361 A
961 2317 982 2360 V
990 2316 1001 2358 l
1009 2316 1030 2359 T
1040 2312 1061 2358 U
1071 2313 1086 2358 S

66 2381 168 2442 ‘Korada
194 2381 220 2429 &
243 2377 315 2428 editt.
344 2385 393 2429 Ven.
419 2381 520 2431 Beroald.
544 2393 570 2426 ut
665 2383 813 2428 FlLlVS.
841 2381 919 2427 OPT
929 2383 940 2427 l
951 2382 980 2426 M
990 2381 1036 2426 VS

65 2460 131 2508 eques
142 2444 214 2507 sperio
230 2446 342 2506 intercluso
366 2450 408 2495 vix
417 2448 443 2508 se
459 2446 571 2509 defendere
706 2448 723 2492 1>
733 2449 756 2493 A
763 2449 788 2492 R
798 2447 852 2494 EN
863 2449 885 2493 Τ
895 2449 960 2495 lBV
969 2449 993 2495 S.
1115 2494 1119 2502 ,

64 2509 148 2575 peffer,
182 2508 232 2558 uod
251 2513 393 2576 elegantius
410 2510 469 2572 test,
493 2526 571 2578 quam
634 2515 701 2560 cnm
710 2525 770 2560 vero
780 2510 829 2559 hoc
839 2526 983 2576 cognomen
993 2525 1046 2559 non
1057 2506 1102 2556 ad-

67 2574 118 2626 fert
140 2576 171 2624 Li
190 2576 311 2624 rariorum
328 2591 422 2645 captus.
457 2584 553 2629 Davies.
600 2576 706 2626 modum
723 2574 841 2642 frequens
857 2578 922 2643 apud
941 2591 1037 2628 veteres
1053 2574 1101 2631 fit,
1193 2611 1195 2616 .

103 2659 129 2691 2.
149 2642 233 2689 clodius
255 2645 387 2706 Aquinus]
407 2643 572 2702 lentienses,
600 2642 660 2693 inde
672 2642 769 2693 fastum
783 2641 833 2700 est,
849 2656 876 2693 ut
892 2641 1012 2694 mendose
1022 2656 1102 2705 quan·

70 2709 157 2757 clodius
174 2708 308 2770 Aequitius.
329 2710 399 2758 Fecit
421 2710 472 2761 haec
490 2713 571 2762 varie·
601 2710 685 2775 doque
715 2707 834 2776 scriptum
858 2712 1003 2777 reperiatur.
1040 2708 1102 2755 fild.

68 2788 128 2830 ras,
147 2785 174 2821 ut
191 2769 222 2818 de
238 2770 333 2821 mendo
350 2776 499 2840 cogitarem.
516 2784 573 2846 Qua
603 2780 695 2827 Manat.

67 2839 97 2891 in
112 2836 252 2904 suspicione
265 2853 322 2886 eum
338 2837 432 2898 ess'em,
447 2846 528 2908 reperi
544 2847 582 2900 in¹
638 2861 661 2899 3.
675 2845 803 2907 Dejeslique
823 2843 929 2902 planitie]
948 2838 1015 2896 Joan.
1032 2842 1105 2885 Glan-

68 2905 182 2971 antiquis
199 2902 383 2962 marmoribus,
401 2914 584 2976 ..eorrumeogs
603 2909 704 2972 dorpius,
721 2912 747 2960 δι
765 2911 831 2970 Joan.
852 2908 965 2956 Goduinus
979 2920 1005 2955 re
1024 2916 1105 2954 onunt

68 2987 165 3022 nomen
183 2965 232 3018 else
248 2969 408 3020 Clodiorum.
435 2973 508 3025 Nihil
524 2977 573 3041 igi·
605 2975 720 3040 dejedlique
736 2979 759 3022 in
773 2976 904 3039 planitiem
926 2968 977 3023 ,sed
1006 2968 1105 3019 criben·
1151 3017 1153 3020 ,

69 3050 109 3087 tur
118 3037 223 3093 dubito,
241 3037 304 3104 quin
315 3040 351 3086 ita
360 3037 476 3088 hocloco
485 3056 573 3092 emen·
606 3039 666 3088 dum
685 3042 809 3107 dejectique·
820 3043 932 3103 planitie,
949 3035 1019 3100 quod
1036 3035 1107 3087 idem

73 3102 184 3156 dandum
202 3101 241 3153 sit.
607 3104 641 3155 est
658 3119 686 3155 ec
702 3111 725 3155 in
737 3110 859 3169 planitiem.
888 3107 991 3171 Virgilius
1008 3107 1061 3152 AEn.
1079 3119 1106 3165 v,

143 3177 250 3229 Rome,
267 3170 295 3220 in
310 3169 390 3219 domo
402 3171 489 3224 Caefia.
605 3187 663 3234 451.

226 3243 259 3288 D.
379 3242 419 3288 M.
713 3245 736 3286 1r
750 3241 831 3288 clamor
847 3240 896 3286 caelo
907 3263 953 3284 -

217 3307 241 3352 C
256 3309 277 3354 L
292 3309 315 3353 0
333 3309 357 3353 D
375 3309 387 3354 1
403 3310 432 3355 ,Ε
608 3303 698 3354 Noster
714 3303 813 3368 hujusce
831 3303 890 3356 libri
905 3322 959 3373 cap.
969 3318 1026 3354 xvi.
1043 3307 1109 3354 Mul·
1183 3309 1187 3317 '

248 3375 271 3419 A
287 3376 308 3420 V
320 3377 331 3421 l
343 3376 365 3421 Τ
374 3376 403 3421 AE
607 3373 677 3436 eisque
693 3373 817 3429 vulneribus
828 3371 914 3436 affedos
922 3369 1017 3439 oppido
1028 3373 1109 3436 repres-

228 3441 432 3488 HEREDES
605 3440 690 3500 serunt.
710 3438 846 3505 sic&ca'p.
858 3454 931 3489 xrrr.
943 3456 975 3489 ex
987 3443 1040 3489 MS.
1049 3445 1109 3487 Ner-

130 3504 152 3555 Ε
165 3506 195 3553 x.
213 3505 264 3551 TE
274 3506 287 3550 S
297 3507 318 3552 T
329 3508 351 3553 A
361 3509 418 3554 ME
429 3507 455 3556 N
463 3510 486 3556 T
497 3508 521 3557 0
609 3509 653 3556 vir.
676 3508 701 3557 le
721 3504 785 3554 erim
808 3523 875 3572 quum
890 3506 986 3573 oppido
1003 3508 1110 3570 revertis-

162 3565 491 3626 anaedibusmberinorum.
536 3617 538 3621 Α
605 3574 671 3634 sent,
688 3520 730 3623 ubi
744 3571 772 3619 in
782 3575 869 3640 vulgg.
889 3591 957 3639 quum
971 3577 993 3619 in
1010 3576 1110 3635 oppidum

243 3638 277 3684 D·
378 3643 416 3689 M.
609 3639 774 3701 reversteffent3
791 3635 949 3705 nampaullb
963 3638 1111 3704 infrequen-

177 3706 227 3751 Tl.
264 3703 436 3753 CLAVDI
448 3709 472 3756 0
608 3706 686 3757 tiores
709 3706 833 3770 loquendi
863 3705 988 3757 formulas
1013 3702 1112 3776 semper

114 3763 275 3823 rueret
310 3769 448 3826 PATRI.
482 3775 552 3827 ET·
609 3784 737 3830 mutarunt
757 3772 873 3829 uibrant.
909 3773 1006 3840 Davie.⁴
1104 3829 1107 3837 ¹

223 3835 424 3901 culture
873 3839 876 3844 '
