2616 4462
60 3517 65 3553 l

199 241 282 323 '686
381 240 475 318 ΤΑ.
509 235 727 314 Hrnrrr
760 234 1057 312 Couuunr.

194 353 279 463 pida
297 359 502 460 castellaque
521 359 612 434 dirui
630 356 807 458 deserique
825 416 836 451 ,
860 359 1100 461 principesque
1118 353 1246 435 civita·

198 481 276 538 tutu
295 480 354 533 aut
371 457 541 550 interfici,
565 478 624 531 aut
639 457 675 531 in
687 458 811 532 catenis
826 458 955 553 teneri,
979 457 1106 532 liberos
1115 465 1243 534 eorum

152 574 175 652 7
199 557 360 632 obfidum
378 557 520 631 nomine
535 554 571 628 in
587 545 785 629 servitu'tem
800 554 930 652 abripi:
957 553 1037 632 iisse
1047 555 1084 626 in
1100 553 1246 631 miseriis

201 656 368 755 suamque
383 654 490 728 fidem
511 651 559 726 im
585 651 797 743 lorantibus‚
819 653 1109 751 auxilio-propter
1124 653 1245 750 copia.

155 740 177 818 8
202 777 283 827 rum
301 752 534 852 paucitateme
561 749 781 848 enonposse.
805 752 938 827 Milites
953 750 1098 824 interim·
1109 748 1144 824 in
1155 775 1246 850 ope-

200 875 238 925 re
252 873 432 941 exercere,
448 847 551 922 eastra
560 848 714 938 munire,
729 867 862 940 turres,
878 847 1011 922 castella
1026 845 1244 941 facere,mo-

200 946 257 1023 les
275 973 318 1022 ue
330 951 439 1044 jacere
456 945 494 1019 in
511 969 694 1020 marenon
709 945 948 1020 intermittere.

157 1057 174 1108 1
291 1044 411 1119 XVII.
435 1042 551 1139 Scipio
568 1042 705 1118 interim
731 1043 926 1141 elephantes
947 1045 1015 1118 hoc
1031 1040 1140 1117 modo
1151 1048 1246 1120 'eona'
1286 1133 1289 1137 ,

202 1140 399 1217 docefacere
414 1140 575 1214 instituit.
600 1143 639 1215 1'1
660 1139 821 1215 instruxit
834 1141 939 1231 acies,
962 1165 1066 1215 unam
1084 1139 1245 1218 fundito-

201 1263 282 1312 rum
297 1259 416 1314 contra
436 1238 663 1339 elephantos,
686 1262 766 1338 quae
788 1237 881 1337 quast
902 1233 1172 1312 adversarioium
1189 1240 1245 1314 lo-

204 1360 286 1410 cum
311 1335 514 1427 obtineret,
538 1337 576 1411 &
597 1357 718 1410 contra
743 1360 865 1411 eorum
891 1335 1047 1410 frontem
1066 1335 1243 1412 adversam

156 1452 182 1504 2
206 1451 217 1486 ¹
237 1432 531 1533 lapillosminutos
540 1431 710 1508 mitteret:
727 1433 850 1509 deinde
859 1433 895 1507 in
910 1430 1068 1507 ordinem
1078 1433 1243 1531 elephan-

205 1552 258 1605 tos
274 1530 452 1606 constituit
468 1556 477 1604 ι
503 1528 580 1631 post
596 1530 674 1605 illos
695 1550 809 1605 autem
825 1531 931 1604 aciem
947 1530 1039 1606 suam
1055 1530 1244 1620 instruxit3

166 1692 169 1698 .
204 1648 274 1719 ut,
299 1653 410 1727 quum
434 1628 477 1702 ab
498 1627 695 1703 adversariis
718 1628 844 1729 lapides
861 1629 953 1703 mitti
970 1629 1176 1728 coepissent,
1200 1629 1242 1703 δε

138 1727 141 1736 ’
204 1723 376 1823 elephanti
393 1725 564 1824 perterriti
580 1726 613 1800 se
634 1727 676 1800 ad
695 1724 773 1801 snos
790 1725 1064 1815 convertissent,
1086 1726 1203 1800 rursus
1220 1724 1244 1800 d

205 1818 263 1895 sua
276 1823 346 1898 acie
361 1823 529 1923 lapidibus
545 1822 647 1898 miffis
655 1850 714 1899 eos
729 1845 972 1900 converterent
986 1824 1166 1898 adversum
1177 1824 1245 1898 ho·

160 1929 182 2016 3
208 1918 292 1995 stem
312 1946 323 2009 3
346 1920 441 2020 quod
457 1922 739 2022 aegre-tardeque
755 1922 860 1997 siebat
879 1947 888 1995 ε
916 1921 1157 1997 2rudesenim
1172 1921 1245 1996 ele-

205 2018 325 2115 phanti
341 2019 533 2093 multorum
555 2043 724 2093 annorum
740 2019 897 2095 doetrina
914 2075 925 2110 ,
949 2019 1084 2130 usuque
1100 2017 1244 2095 vetusto
1297 2092 1300 2098 .

205 2117 268 2190 vix
280 2115 420 2210 edodii,
445 2136 557 2192 tamen
568 2117 747 2192 communi
762 2117 918 2219 periculo
938 2116 975 2191 in
989 2141 1096 2193 acrem
1110 2118 1245 2218 produ·

126 2220 129 2227 ’
206 2234 346 2288 cuntur.

163 2336 179 2385 1
246 2312 427 2386 XXVIll.
440 2311 539 2386 Dum
549 2311 670 2386 haecad
680 2285 1245 2411 Ruspinamabutrisquedueihus

205 2407 507 2500 administrantur,
529 2410 577 2484 C.
592 2410 764 2510 Virgilius
780 2409 992 2502 Praetorius,
1015 2410 1076 2509 qui
1096 2412 1243 2509 Thapso
1252 2442 1258 2501 χ

206 2505 338 2607 oppido
356 2506 528 2581 maritimo
546 2529 691 2606 praeerat
710 2566 722 2601 ‚
746 2531 857 2607 quum
875 2507 1162 2585 animadvertisset
1183 2535 1245 2584 na·
1279 2584 1285 2593 ,

1182 2633 1244 2684 VCS

204 2741 268 2794 perus
284 2730 367 2794 diripi,
383 2729 501 2781 homines
519 2729 635 2780 trucidari.
663 2733 709 2778 Po·
738 2730 805 2779 cicero
819 2728 893 2781 Tuse.
909 2729 997 2797 quast.
1015 2731 1060 2783 lib.
1081 2749 1135 2784 rrr.
1147 2745 1201 2795 cap.
1215 2747 1241 2779 1.

205 2794 258 2846 slea
282 2792 341 2847 sane
358 2799 471 2874 vulgaris
492 2794 567 2846 sortis
590 2795 708 2846 homines
735 2799 854 2847 Parvulos
870 2794 928 2848 nabis
942 2802 1001 2849 dedit
1010 2801 1145 2866 igniculos.
1168 2802 1240 2858 Apu·

205 2877 260 2912 non
275 2876 445 2922 memoravit,
460 2861 503 2912 sed
517 2863 641 2928 principes
650 2876 709 2911 tan·
735 2866 788 2912 icius
803 2868 913 2917 Metam.
936 2864 981 2916 lib.
1003 2882 1041 2917 ιν.
1058 2881 1117 2931 pag.
1135 2870 1174 2917 67·
1192 2866 1238 2904 ΝΜ

205 2939 277 2987 tum,
294 2943 430 2996 eorumque
444 2928 547 2980 liberos.
581 2933 675 2978 Davies.
729 2934 798 2992 juxta
822 2933 962 2996 qurdquam,
979 2949 1046 2997 qaam
1060 2918 1237 3000 parrancasula

240 3010 262 3046 1.
279 2999 375 3060 Lapillos
388 2998 482 3045 minutos
498 2997 606 3055 mitteret]
624 2996 707 3044 Dimi-
734 3001 831 3046 cannulis
845 3011 922 3047 temere
938 3000 1038 3047 contessa.
1072 2999 1104 3043 Et
1129 2987 1174 3039 hb·
1193 3004 1236 3040 VI.

204 3062 338 3111 sturionem
349 3061 441 3113 addere
450 3062 575 3114 diminuto
583 3074 651 3111 amat
661 3077 707 3110 no·
734 3078 793 3130 pag.
815 3073 869 3115 116.
898 3069 957 3112 Tunc
971 3060 1105 3113 formicula
1120 3058 1160 3102 illa
1178 3069 1238 3119 par-

202 3124 261 3176 sler.
279 3129 316 3178 sie
331 3127 499 3185 huiuseelibri
514 3144 569 3196 cap.
585 3142 638 3179 rrv.
649 3132 706 3177 Par·
734 3131 792 3179 vula
808 3146 874 3196 arque
891 3133 992 3178 ruricola.
1017 3129 1055 3173 Ac
1080 3124 1171 3172 iterum
1188 3120 1237 3172 lib.

203 3191 292 3242 vniam
307 3196 369 3241 moda
384 3189 521 3246 caussulam
539 3198 613 3244 narius
629 3197 705 3254 Castu.
735 3211 774 3247 rx.
792 3212 850 3263 pag.
870 3211 927 3245 zor.
956 3201 1008 3241 cum
1033 3192 1127 3254 quodam
1143 3200 1239 3252 paupera

54 3272 57 3279 ·
165 3297 168 3302 .
203 3260 238 3309 Et
252 3272 306 3324 cap.
317 3275 405 3315 rxrrr.
424 3266 524 3311 Primum
538 3263 580 3326 ipse
588 3261 706 3328 navigio·
733 3262 839 3314 modica:
855 3257 942 3314 casula
957 3259 1065 3312 domino,
1089 3268 1153 3303 verm
1163 3255 1239 3316 fami-

204 3323 259 3373 lum
272 3338 378 3402 parvum
395 3326 406 3393 (
414 3329 454 3377 vel
467 3333 589 3392 parvulum
606 3364 614 3387 ,
630 3339 657 3376 ut
673 3325 707 3376 est
732 3332 825 3377 liariter.
851 3325 913 3376 Vide
931 3327 958 3375 &
974 3323 1087 3371 sanarum
1104 3321 1171 3373 Min.
1188 3318 1238 3375 lib.

203 3387 299 3439 inalira
313 3388 398 3459 libris)
414 3395 537 3449 consentiit.
555 3395 628 3446 Sic&
638 3395 705 3461 opti·
735 3408 821 3458 neap.
832 3409 857 3441 x.
892 3393 961 3440 Idm.

203 3455 242 3506 mi
264 3455 402 3515 audium,
426 3472 515 3507 contra
536 3473 614 3524 quam
631 3457 705 3509 sensit
766 3477 790 3509 2.
807 3459 883 3526 ‘Quies
898 3461 954 3504 enim
969 3456 1096 3522 elephanti]
1113 3456 1151 3503 Sic
1169 3452 1238 3502 feste

201 3524 275 3573 Lm,
294 3523 362 3574 Valla.
374 3524 448 3590 Eleg.
464 3521 510 3579 lib.
522 3539 544 3574 r.
561 3540 616 3590 cap.
626 3540 650 3574 r.
662 3532 704 3572 ca·
733 3529 787 3574 MS.
805 3531 895 3572 Narve.
913 3527 948 3572 At
964 3521 1037 3572 editt.
1046 3527 1112 3586 rtem.
1132 3527 1183 3568 Ven.
1196 3524 1238 3566 Be-

197 3589 241 3651 sar
255 3585 302 3637 lib.
321 3600 378 3638 ιιι.
395 3591 463 3640 lte.
480 3602 536 3654 cap.
547 3605 603 3640 ert.
622 3589 705 3638 Navi·
732 3591 803 3639 roald.
820 3591 845 3640 δι
864 3604 954 3638 omnes
972 3588 1004 3638 ad
1019 3590 1150 3648 scaligerum
1159 3581 1239 3650 usque

203 3653 288 3704 culam
309 3653 440 3718 parvulam
454 3657 571 3716 conscendit
587 3672 636 3702 cum
647 3667 704 3716 pau-
731 3669 864 3721 perperam
883 3653 1087 3720 repraesentarunt
1095 3656 1173 3701 audere
1180 3655 1240 3698 enisa

203 3723 231 3768 cir
242 3719 297 3782 sais.
331 3723 444 3769 Lucretius
459 3719 505 3771 lib.
515 3736 555 3772 rt.
576 3719 702 3787 pagato.
732 3726 856 3786 elephanti,
874 3737 964 3789 exqua
980 3720 1242 3779 tertioneaullusex·

201 3821 203 3826 ι
234 3807 282 3829 -ι
297 3788 419 3853 θεωρίαι
433 3791 508 3839 arim
521 3787 702 3853 wssmuporaa.
731 3784 812 3857 surgit
828 3784 922 3843 sensus.
954 3790 1028 3858 Idem.¹
