2616 4462
210 232 326 357 642¹
441 192 1073 330 nrrimuconneaa.
1172 298 1175 305 -

160 388 189 486 '4
210 373 320 443 vium.
362 367 462 442 1Erat
470 368 716 443 nobilissimum
733 369 915 469 regionum
932 395 1048 446 earum
1061 372 1264 472 oppidum,

210 464 598 566 conjunctiffimumque
612 466 785 543 Odiavio:
813 493 885 566 quo
900 488 939 542 ut
949 472 1126 568 pervenit,
1151 473 1257 570 oppi-

209 564 289 636 dani
304 564 478 661 supplices-
494 566 526 638 se
544 565 690 643 Vatinio
710 565 916 639 dediderunt
933 592 944 653 3
968 569 1210 667 comperitque
1225 571 1258 644 i-

208 660 309 758 psum
336 661 528 755 Odiarium
547 719 560 752 ‚
580 664 692 759 parvis
709 662 892 760 paucisque
908 666 1051 764 navigiis
1072 689 1180 741 vento
1202 667 1256 741 se-

208 761 325 831 cundo
343 761 519 860 regionem
528 759 678 833 Graeciae
692 759 836 855 perdit,
860 762 939 831 inde
948 784 987 834 ut
996 762 1165 849 Siciliam,
1190 765 1255 837 de·

159 880 186 960 5
210 853 289 930 inde
304 856 479 942 Africam,
503 878 649 954 caperet.
676 859 726 929 lta
743 857 843 929 brevi
862 857 970 954 spatio
986 884 1022 931 re
1043 861 1255 956 praeclarissi·

207 978 265 1028 me
287 954 409 1052 gesta,
434 979 612 1051 provincra
630 973 767 1050 recepta
788 1010 799 1042 ,
824 955 1078 1029 &Cornificio
1100 959 1255 1052 reddita,

206 1050 306 1124 clall'e
329 1053 601 1126 adversariorum
621 1077 665 1125 ex
684 1053 746 1124 illo
764 1070 840 1124 toto
859 1048 935 1123 frou
952 1053 1114 1151 expulsa,
1139 1055 1258 1131 vidior

206 1146 507 1240 serenianum,
532 1150 700 1224 incolumi
719 1149 876 1222 exercitu
892 1151 928 1222 bc
946 1151 1064 1235 clall'e,
1090 1155 1230 1252 recepit.

162 1283 196 1333 ι,
256 1245 436 1322 XLVlll.
462 1248 506 1322 lis
529 1268 645 1321 autem
663 1245 904 1344 temporibus,
931 1248 1057 1345 quibus
1079 1250 1198 1324 Caesar
1210 1252 1255 1325 ad

205 1343 471 1443 Dyrrhachium
496 1345 709 1443 Pompejum
729 1341 935 1434 obruebat,
959 1347 996 1420 ὃ(
1013 1347 1257 1446 Palaepharsali

203 1465 281 1514 rem
305 1439 451 1516 feliciter
470 1441 610 1541 gerebat
632 1499 646 1534 ,
667 1439 961 1539 Alexandriaeque
984 1469 1068 1517 cum
1094 1447 1257 1543 periculo

204 1560 362 1634 magno,
389 1560 467 1613 tum
482 1540 589 1614 etiam
613 1540 742 1635 majore
762 1538 906 1636 periculi
931 1538 1018 1612 fama
1034 1542 1220 1619 dimicabat
1238 1602 1255 1637 ,

205 1635 339 1711 Gallius
356 1636 545 1737 Longinus
566 1638 603 1711 in
620 1635 786 1729 Hispania
811 1654 830 1687 ²·
845 1658 1039 1734 propraetor
1058 1642 1256 1737 provinciae

204 1731 379 1809 ulterioris
395 1735 597 1811 obtinendae
614 1735 721 1808 cautla
732 1731 891 1814 relidas,
915 1732 985 1807 srve
1002 1738 1257 1813 consuetudine

204 1852 340 1908 naturae
357 1831 445 1920 suae,
470 1832 540 1907 five
555 1831 659 1924 odio,
709 1831 779 1904 uod
795 1831 831 1933 in
848 1832 940 1903 illam
960 1835 1177 1928 provinciam
1197 1835 1255 1910 su·

202 1926 354 2028 sceperat
380 1929 561 2029 quaestor,
583 1954 629 2004 ex
646 1857 772 2003 iniidiis
792 1929 841 2001 ibi
864 1931 1084 2021 vulneratus,
1111 1958 1256 2032 magnae

131 2058 132 2063 ¹
154 2054 180 2109 2
204 2029 335 2105 odiisui
348 2026 700 2114 feceratacccffiones3
719 2027 816 2125 quod
830 2027 937 2101 velex
954 2025 1160 2104 conscientia
1173 2031 1255 2122 sua,

203 2151 317 2225 quum
341 2127 384 2201 dc
406 2127 439 2201 se
463 2146 589 2201 mutuo
614 2126 737 2201 sentire
756 2124 970 2221 provinciam
989 2129 1169 2218 crederet,
1194 2131 1255 2204 vel

203 2225 324 2299 multis
342 2223 468 2324 fignis,
493 2226 530 2300 ὅ(
546 2222 750 2300 testimoniis
766 2245 912 2313 eorum,
939 2225 999 2321 qui
1013 2225 1199 2302 difficulter
1211 2255 1254 2300 o-

156 2338 179 2417 3
203 2321 258 2394 dia
273 2322 506 2414 diffimulant‚
522 2321 792 2396 animadvertere
801 2340 954 2418 poterat3
978 2324 1015 2396 &
1031 2325 1254 2423 compensare

203 2417 435 2495 offensionem·
448 2419 640 2517 provinciae
661 2418 832 2493 exercitus
848 2442 964 2491 amore
982 2421 1154 2519 cupiebat.
1182 2425 1253 2496 lta-

86 2606 89 2611 ,
202 2541 273 2614 que
290 2541 401 2616 quum
420 2516 572 2616 primum
590 2517 750 2589 inunum
766 2515 884 2587 locum
903 2519 1095 2591 exercitum
1115 2521 1254 2594 condu-

152 2627 181 2708 4
204 2615 278 2708 xit,
304 2635 316 2674 ³
337 2615 407 2693 HS
420 2634 583 2690 centenos
600 2612 768 2688 militibus
783 2611 832 2687 est
851 2613 1048 2712 pollicitus:
1075 2643 1139 2693 nec
1157 2620 1254 2692 mul-

1208 2737 1256 2790 to

233 2839 261 2877 r,
275 2830 334 2876 lrar
348 2825 496 2888 nubiliffimam
512 2825 621 2888 regionum
631 2836 706 2870 earum
724 2819 772 2872 sus
791 2822 938 2886 rejiciatur,
956 2827 1011 2891 pari
1021 2830 1121 2879 ratione
1131 2827 1252 2878 deleatur.

196 2895 314 2959 oppidum]
332 2897 384 2944 MS.
397 2891 592 2942 Branr.&editt.
605 2891 703 2938 Beroald.
736 2891 814 2951 etiarn
836 2888 919 2940 insula
942 2896 1021 2942 Tauris
1040 2931 1048 2954 ,
1073 2896 1141 2952 cujus
1157 2895 1251 2942 'noster

196 2974 230 3010 ac
246 2963 324 3025 stephr
344 2965 470 3009 erarium
486 2958 634 3020 nobiliffimum
653 2957 702 3006 &a
737 2954 837 3018 hujusce
858 2956 919 3008 libri
936 2975 991 3025 cap.
1010 2976 1066 3012 xiv.
1084 2959 1255 3009 mentionem·

197 3040 231 3076 ac
244 3027 280 3077 ite
296 3025 433 3092 legendum
451 3025 627 3085 conjecitPer.
646 3026 705 3070 [ἰασ-
736 3021 817 3084 facit,
834 3038 876 3074 aut
894 3041 951 3074 cum
968 3032 1015 3075 Per.
1037 3027 1141 3074 ciacconii
1149 3024 1176 3070 in
1186 3027 1251 3071 Tra-

196 3098 281 3143 eanias.
297 3093 365 3144 Edit.
386 3095 469 3156 Vascoss
486 3096 544 3139 Erae
559 3094 614 3138 inea
625 3092 705 3152 regione
732 3095 822 3154 garrium
838 3104 966 3149 mutetur;
981 3090 1008 3140 id
1028 3092 1097 3138 enim
1115 3086 1253 3142 noninsu-

196 3159 348 3221 nobiliffimum
358 3163 474 3223 oppidum,
489 3172 542 3224 quae
552 3155 656 3223 quidem
667 3156 704 3204 le·
735 3159 778 3216 la,
795 3156 838 3207 sed
854 3156 976 3222 oppidum
985 3155 1032 3204 fuit
1044 3156 1188 3206 Dalmatia.
1200 3159 1252 3207 vi-

197 3224 257 3276 &io
277 3224 415 3276 Codrcibus
432 3231 501 3275 M'SS.
528 3239 581 3273 non
599 3223 705 3280 nititur,
737 3222 768 3273 de
788 3229 836 3274 chr.
848 3225 962 3272 cellarium
980 3222 1251 3288 Geogr.Ant.lib.1r‚

195 3305 366 3358 preterquam
381 3292 449 3356 quod
464 3292 556 3340 tamin
572 3289 705 3352 hacquam
737 3305 791 3356 cap.
804 3305 876 3339 vrrr.
886 3303 911 3353 p.
923 3297 979 3344 559.
1015 3294 1111 3339 Daoies.

195 3359 226 3407 in
242 3361 326 3424 priore
335 3357 471 3407 manifesto
486 3354 648 3422 deestoppidi
659 3370 705 3404 no·
777 3373 802 3405 2.
826 3361 947 3417 Propraror
967 3359 1081 3418 provincia
1110 3359 1248 3418 ulterioris]

194 3439 275 3479 men,
293 3423 477 3488 quodtamen,
495 3421 540 3472 nifi
551 3421 648 3480 fallor,
666 3435 706 3471 re·
736 3424 790 3470 MS.
808 3424 899 3469 Nervic.
919 3422 945 3471 δι
960 3420 1032 3472 editt.
1051 3429 1121 3492 rom..
1143 3429 1193 3472 Ven.
1205 3431 1250 3472 Be·

194 3487 346 3555 praesentant
382 3494 436 3538 MS.
459 3491 554 3538 Norvlt..
578 3491 606 3539 ἃ
632 3488 706 3537 edittr
736 3488 809 3536 ruald.
823 3484 918 3535 habent
933 3493 1250 3554 pral’raetoreprovincieul-

193 3561 263 3625 Qm.
278 3561 327 3606 Vcn.
339 3556 365 3605 hi
381 3558 451 3605 enim
461 3554 573 3606 codices
585 3552 705 3604 exhibent
734 3556 838 3610 rarioris,
855 3568 908 3618 quae
917 3556 1023 3620 antiqua
1031 3556 1064 3608 est
1073 3560 1100 3608 ot
1115 3570 1174 3607 vera
1185 3553 1249 3607 seti-

193 3635 243 3670 erar
261 3625 345 3682 Marem
360 3622 508 3684 noliirffimam
528 3624 578 3670 dre·
594 3620 668 3669 Haud
678 3631 704 3664 e·
734 3616 811 3668 bendl
822 3621 899 3669 ratio.
934 3624 1002 3673 Idem.

193 3687 303 3755 quidem
316 3685 426 3738 diffiteor
442 3689 507 3737 hane
517 3683 702 3736 urhemaneo.
769 3703 793 3742 ς.
812 3690 861 3738 HS.
883 3701 978 3737 centenos
994 3690 1023 3749 est
1039 3691 1142 3738 militibus
1159 3690 1188 3749 est
1195 3695 1249 3754 pol·

216 3756 299 3820 taphis
316 3772 368 3806 non
385 3753 541 3812 memorari,
557 3750 704 3818 quaeficau-
734 3755 822 3814 licitus]
839 3758 907 3804 MSS.
927 3757 953 3806 δι
970 3757 1043 3808 editt.
1060 3770 1110 3806 vet.
1130 3759 1179 3806 HS.
1196 3776 1249 3805 cm-

197 3891 199 3895 ?
239 3823 286 3878 erit
300 3823 415 3887 idonea,
428 3839 473 3877 rur
488 3834 519 3876 ea
537 3819 616 3876 ledia
631 3835 707 3893 pror}
733 3832 793 3894 rena,
817 3821 848 3879 si·
864 3819 975 3890 lingulis
992 3822 1118 3881 militibus
1142 3823 1192 3880 huc
1204 3822 1253 3943 ἐπ
