2616 4462
161 277 239 352 602
388 271 1015 369 ·c.J.cnsi1i1sconmm.

160 393 239 466 cit:
267 409 278 446 ¹
298 390 390 467 seda
409 391 639 491 superioribus
665 394 865 493 regionibus
879 398 913 468 in
937 392 1192 495 longitudinem
1262 468 1264 475 ,

160 491 319 589 pasl'uum
336 514 458 587 neqcc
473 491 509 563 in
525 496 615 562 mare
626 492 724 589 jaslts
741 494 909 585 molibus,
931 492 1076 591 angusto
1093 491 1196 564 itine-

111 598 137 702 '3
163 613 221 675 re,
247 592 284 664 &
301 609 408 686 ponte
423 613 504 660 cum
520 589 649 685 oppido
665 590 899 690 conjungitur.
923 592 964 663 ln
982 591 1128 662 hacsunt
1142 591 1195 660 in-

163 687 235 760 sula
248 685 420 760 domicilia
435 686 708 784 AEgyptiorum,
733 689 770 760 &
787 691 903 778 vicus,
926 689 1043 786 oppidi
1062 688 1215 785 magni·-

162 785 304 859 tudine:
332 807 479 879 quaeque
495 782 624 880 ubique
643 808 744 857 naves
761 785 1008 882 imprudentia,
1032 807 1090 857 aut
1106 800 1195 855 tem-

164 881 291 978 pestate
302 879 494 977 paullulum
508 879 568 952 suo
577 880 677 953 cursu
686 881 902 970 decesserint,
929 884 1092 954 hasmore
1105 906 1195 978 prae·
1215 892 1218 899 '

115 1007 143 1086 4
165 981 297 1052 donum
317 977 463 1075 diripere
475 976 736 1051 consueverunt.
751 978 919 1053 lisautem
935 980 1071 1068 invitis,
1087 977 1196 1074 aqui-

166 1076 231 1149 bus
248 1077 379 1148 Pharus
396 1096 532 1149 tenetur
550 1131 560 1164 ‚
585 1100 656 1148 non
674 1075 785 1175 potest
800 1077 864 1149 elle
886 1133 896 1164 ‚
922 1100 1064 1173 propter
1084 1097 1196 1172 angu-

115 1197 142 1275 5
167 1173 267 1256 stim,
293 1170 437 1244 navibus
453 1173 613 1246 introitus
629 1173 663 1244 in
687 1194 840 1270 portum.
873 1174 957 1244 Hoc
973 1194 1048 1245 tum
1067 1193 1197 1243 ventus

164 1268 280 1342 Caesar
296 1325 308 1355 ‚
333 1268 489 1356 hostibus
505 1270 539 1341 in
561 1293 678 1369 pugna
694 1271 866 1368 occupatis
881 1268 1117 1367 militibusque
1135 1293 1197 1354 ex·

163 1365 299 1460 pofitis,
324 1367 723 1464 Pharumapprehendit,
741 1390 843 1465 atque
858 1365 905 1440 ibi
921 1365 1116 1463 praesidium
1133 1391 1197 1463 po·

115 1470 142 1542 6
166 1461 242 1537 suit.
266 1462 406 1557 Quibus
419 1463 468 1534 est
484 1465 584 1537 rebus
599 1462 779 1549 effoetum,
804 1465 856 1539 uti
872 1485 950 1537 tuto
958 1463 1194 1552 frumentum,

165 1560 357 1659 auxiliaque
377 1560 520 1634 navibus
534 1561 576 1634 ad
590 1587 669 1635 cum
690 1561 878 1659 supportari
896 1561 1048 1659 possent:
1070 1560 1197 1632 dimifit
1216 1578 1218 1583 ’

163 1659 257 1730 enim
283 1663 412 1732 circum
429 1683 549 1732 omnes
570 1660 778 1758 propinquas
793 1661 948 1758 regiones
967 1687 977 1747 ;
999 1679 1102 1755 atque
1116 1656 1195 1728 inde

118 1755 481 1855 pauxiliatcvocavit:
501 1756 640 1855 reliquis
656 1756 932 1855 oppidipartibur
949 1756 994 1828 sic
1009 1755 1199 1853 estpugna·

165 1873 262 1942 tum,
287 1851 830 1950 utaequoproeliodisced'eretur‚
854 1855 890 1928 δε
908 1851 1198 1947 neutrip'elleren·

165 1970 243 2032 tur,
270 1950 320 2043 (id
329 1949 521 2024 efficiebant
538 1950 702 2049 angustiae
718 1951 801 2044 loci)
825 1951 1006 2049 paucisque
1021 1948 1197 2045 utrimque

165 2047 352 2124 interseslis
369 2105 380 2139 ‚
404 2047 518 2121 Caesar
534 2049 608 2120 loca
625 2047 770 2121 maxime
785 2049 961 2120 neccssaria
975 2045 1197 2140 complexus,

120 2152 143 2228 8
168 2146 276 2219 noslu
292 2145 498 2243 praemunit:
527 2145 592 2218 hoc
610 2144 719 2217 traslu
737 2144 853 2242 oppidi
870 2165 1029 2239 parserat
1046 2142 1148 2237 regiae
1162 2168 1198 2214 e·

167 2244 297 2342 xigua,
323 2244 357 2314 in
373 2267 476 2341 quarn
494 2240 561 2338 ipse
578 2241 751 2315 habitandi
769 2241 875 2314 caull'a
893 2239 992 2312 initio
1007 2237 1078 2310 erat
1097 2239 1199 2310 indu·

166 2339 264 2428 slus,
288 2340 529 2417 &Theatrum
542 2336 917 2438 conjunslumdomui,
943 2336 1037 2433 quod
1053 2336 1200 2407 arciste-

166 2437 269 2510 nebat
286 2435 423 2527 locum,
448 2436 624 2533 aditusque
640 2434 784 2509 habebat
799 2436 838 2506 ad
850 2455 1008 2530 portum,
1034 2434 1070 2505 &
1087 2434 1128 2504 ad
1149 2458 1201 2504 re·

166 2533 261 2632 liqua
272 2533 409 2604 navalia.
438 2533 513 2605 Has
530 2532 737 2615 munitiones
753 2528 1007 2628 insequentibus
1022 2531 1118 2601 auxit
1130 2530 1199 2601 die-

167 2632 253 2714 bus,
278 2652 318 2704 ut
329 2654 393 2729 pro
407 2627 833 2726 muroobjeuashaberet‚
859 2653 925 2701 neu
944 2652 1098 2726 pugnare
1113 2627 1201 2697 invi-

119 2774 145 2844 9
169 2751 224 2820 tus
239 2747 430 2827 cogeretur.
452 2727 595 2799 Interim
613 2725 683 2798 filia
699 2725 811 2797 minor
822 2725 1003 2799 Ptolemaei
1019 2725 1127 2822 regis,
1143 2745 1200 2791 va-

154 2854 274 2912 seuam
286 2823 520 2925 possessionem
546 2824 642 2922 regni
664 2821 823 2918 sperans,
847 2824 888 2895 ad
911 2822 1082 2896 Achillam
1107 2817 1138 2888 se
1155 2842 1200 2889 ex

169 2927 261 3025 regia
278 2922 480 3021 transjecit,
507 2944 642 3018 unaque
667 2921 799 2994 bellum
826 2920 1060 2993 administrare
1079 2914 1200 3010 coepit.

126 3025 241 3114 108ed
256 3024 411 3099 celeriter
419 3021 469 3096 est
484 3020 638 3095 intereos
649 3020 691 3092 d'e
702 3020 895 3119 principatu
907 3013 1134 3091 controversia
1147 3036 1204 3083 or-

627 3162 630 3166 >
1151 3131 1204 3201 ta,

207 3256 230 3290 1.
255 3237 326 3287 Sedoi
337 3241 479 3304 superioribus
494 3238 608 3300 regionibus
623 3256 667 3277 -ι
701 3240 727 3287 &
749 3221 925 3301 antiquissimis
952 3228 1024 3295 editt.
1061 3228 1203 3286 constanter

169 3307 194 3354 r'ss
211 3325 271 3353 mare
281 3309 348 3366 jussis
362 3308 467 3363 molibus]
483 3305 549 3364 Jooo.
570 3300 668 3352 modom
700 3298 899 3368 tepraesentata,
921 3298 982 3346 nani
997 3296 1050 3345 vult
1070 3299 1158 3356 Cesar,
1175 3295 1203 3343 in

96 3404 103 3427 o
168 3370 279 3423 Miscell.
297 3369 341 3421 lib.
360 3387 414 3421 111.
432 3384 487 3433 cap.
502 3385 527 3418 v.
544 3368 666 3434 reponitoi
701 3382 770 3417 mate
795 3367 873 3427 josias
891 3359 960 3412 fuisse
979 3363 1085 3419 moles,
1109 3377 1170 3425 quas
1188 3357 1215 3409 ὲ,

164 3441 310 3502 fiiporioribus
325 3440 431 3505 Regibus,
448 3437 508 3499 quia
522 3439 543 3482 in
555 3453 667 3483 maromo—
700 3430 864 3498 superioribus
873 3425 1016 3496 regionibus
1024 3440 1203 3476 convexerant.

169 3508 201 3553 les
209 3508 304 3565 jocero,
328 3519 381 3552 non
396 3503 528 3567 regionum
542 3500 601 3559 est,
626 3498 668 3549 sed
702 3503 823 3561 Superiores
849 3502 938 3560 regiones
967 3490 1023 3543 sunt
1044 3489 1203 3546 montuusae,

168 3569 311 3620 hominurn.
339 3574 371 3618 Et
382 3568 447 3618 hanc
464 3566 566 3632 quidem
582 3567 667 3627 conje-
702 3562 808 3628 aliisque
816 3565 898 3612 minus
908 3556 1032 3627 depressae.
1042 3560 1139 3609 E‘odent
1149 3555 1201 3604 sen-

169 3637 267 3686 sturam
284 3648 447 3700 occupaverat
472 3637 511 3682 Ph.
537 3634 667 3696 Beroaldus,
701 3628 728 3679 su
745 3631 858 3694 superiora
879 3634 924 3677 loca
946 3622 1010 3691 saepe
1032 3626 1095 3676 dixit
1112 3621 1206 3693 noster.

169 3705 208 3752 ita
223 3704 293 3752 enirn
308 3697 439 3767 legiturit't'
451 3698 512 3749 edit.
529 3696 669 3764 quampto·
702 3692 766 3746 vide
779 3694 824 3747 lib.
844 3711 897 3745 111.
922 3699 950 3755 Β,
967 3697 999 3754 G.
1018 3696 1088 3764 capp.
1105 3687 1203 3755 tm&

169 3771 266 3819 curavit
284 3774 315 3818 A.
332 3773 364 3818 D.
383 3774 455 3825 1508.
471 3771 582 3823 Verum,
598 3778 624 3812 ut
642 3779 670 3812 o·
703 3778 762 3821 m.
795 3765 894 3832 Darius⁸

170 3837 247 3905 pinos
254 3869 265 3904 2
279 3832 383 3913 suecis
397 3828 573 3894 lesbiam&-
584 3828 671 3900 coda.
754 3830 766 3839 “
