2616 4462
261 257 831 341 onBrsnnoC1v1niL1a.
857 259 906 335 ll.
1045 256 1124 362 485

85 385 142 460 'ets
155 380 394 456 transduxerat
409 380 546 471 Curio,
572 402 654 478 quas
664 379 899 478 superioribus
909 384 1124 481 temporibus

92 481 249 556 Corfinio
278 499 450 578 receperat
472 476 612 564 Caesar3
637 480 721 552 adeo
747 500 815 565 ut,
845 478 958 574 paucis
985 484 1121 555 mutatis

85 576 369 666 centurionibus,
393 576 496 653 iidem
512 576 648 648 ordines
664 574 901 671 manipulique
916 576 1121 654 constarent.

81 675 188 751 Hauc
206 675 326 748 nasius
340 673 575 771 appellationis
593 672 738 745 caussam
748 671 1120 765 Quindliliuscircum·
1147 692 1169 753 π’.

80 772 131 847 ire
146 773 259 847 aciem
274 771 440 844 Curionis
456 817 466 852 ‚
491 792 593 868 atque
608 770 781 843 obsecrare
796 769 920 845 milites
935 772 1065 866 coepit,
1086 799 1124 840 ne

72 877 177 968 primi
201 871 437 964 ¹sacram'enti‚
460 869 539 965 qnod
556 867 636 968 apud
661 873 837 937 Domitium
860 923 870 957 ‚
893 890 986 963 atque
1000 868 1079 964 apud
1087 869 1124 960 se

79 967 273 1064 Qestorena
288 967 428 1056 dixifflent
446 1021 457 1052 ‚
481 983 495 1015 2
512 971 689 1033 memoriam
706 965 882 1065 deponerent
898 992 914 1041 ,·
937 991 997 1032 neu
1014 986 1120 1034 eontra
1147 987 1169 1068 3

80 1093 131 1135 eos
145 1091 233 1134 arma
240 1056 379 1156 sarreia,
402 1060 462 1157 qni
474 1061 576 1130 eadem
591 1062 677 1152 effinr
691 1064 872 1154 estfortnna
887 1118 898 1150 ‚
918 1062 1078 1156 eademque
1088 1068 1121 1130 in
1197 1133 1201 1142 ,

85 1159 236 1253 obfidione
237 1161 359 1259 perpessi
369 1186 455 1236 rnen
465 1181 521 1258 pro
537 1165 574 1226 iis
582 1181 769 1257 pugnarent,
784 1157 808 1227 d
823 1157 927 1251 quibus
941 1161 1121 1227 contumelia

21 1251 26 1259 ¹
80 1259 213 1356 perfuga
228 1260 455 1357 appellarentur.
480 1261 647 1354 Hispanae
662 1256 703 1324 ad
711 1257 796 1355 spem
815 1259 992 1354 largitionis
1006 1255 1118 1344 addit,
1141 1271 1144 1278 '

87 1379 152 1446 qua
166 1351 206 1422 al
218 1359 277 1450 sua
292 1352 490 1442 liberalitate,
506 1354 577 1447 Μ’
593 1373 684 1446 atque
698 1359 824 1422 Attium
834 1355 932 1446 secuti
945 1355 1046 1443 essent,
1063 1380 1119 1420 ex-

71 1450 207 1548 spellarc
221 1448 375 1521 delerent.
402 1447 479 1521 Hac
494 1448 604 1520 habita
614 1451 786 1540 oratione,
801 1448 932 1522 nullam
945 1448 979 1520 in
989 1469 1118 1545 partem
1142 1466 1169 1545 4

79 1545 125 1618 ab
140 1549 293 1621 exercitu
313 1546 480 1619 Curionis
495 1545 537 1618 sit
555 1544 757 1645 fignificatio
776 1573 785 1618 :
811 1567 912 1646 atque
930 1547 975 1619 ita
991 1543 1062 1618 suas
1078 1569 1119 1618 u·

82 1662 206 1740 terque
220 1645 334 1741 copias
344 1644 493 1727 reducit.

130 1741 314 1837 XXIX.
329 1744 377 1814 At
395 1741 431 1812 in
448 1739 560 1812 castris
576 1738 742 1813 Curionis
767 1759 778 1798 ³
798 1764 944 1840 magnus
960 1738 1118 1814 omnium
1148 1760 1164 1808 1

84 1837 214 1911 incessit
230 1840 336 1912 timor
351 1864 360 1925 3
384 1861 461 1909 nam
473 1837 499 1909 is
517 1839 615 1910 variis
636 1838 814 1910 hominurn
833 1837 1047 1910 sermonibus
1064 1862 1121 1910 ce-

80 1935 200 2007 leriter
216 1956 375 2036 augetur.
399 1933 735 2032 unusquisqueenim
747 1933 1120 2031 opinionesfingebat3

80 2032 178 2107 &ad
200 2031 235 2105 id
255 2091 264 2119 ,
290 2032 383 2128 quod
406 2031 450 2103 ab
468 2032 535 2104 alio
551 2033 732 2122 audierat,
763 2032 813 2104 sui
837 2032 967 2130 aliquid
986 2030 1120 2104 timoris

78 2129 237 2203 addebat.
263 2132 330 2204 hoc
344 2127 404 2204 ubi
420 2153 494 2202 uno
506 2129 644 2203 auetore
659 2131 700 2202 ad
718 2128 830 2227 plures
840 2149 1116 2226 permanaverat,
1145 2154 1170 2207 2

74 2248 183 2400 attppe
198 2226 283 2301 alius
295 2227 350 2300 alii
363 2226 586 2301 transdidcrat
596 2223 740 2324 {plures
755 2226 911 2300 auslores
925 2227 998 2324 ejus
1010 2226 1055 2298 rei
1067 2227 1119 2300 vi-

80 2324 124 2398 de
169 2346 261 2400 ntur.
284 2322 564 2403 act-mnndum,-
591 2325 891 2423 igenuthominnm,
916 2326 995 2420 qdod
1009 2328 1114 2489 licerlet
1145 2345 1167 2426 3

1090 2451 1118 2489 ι.

120 2534 144 2570 1.
161 2523 291 2571 Sacramenta*
299 2522 439 2588 ,quodapad
454 2525 585 2579 Domitium,
615 2523 741 2569 memoriam
757 2523 855 2585 deponere
870 2520 953 2584 passer,
970 2517 1013 2569 ubi
1029 2518 1118 2570 frustra

79 2601 152 2653 atque
165 2590 221 2650 apud
232 2587 402 2703 senipedem
415 2590 538 2650 dixissent]
561 2589 586 2637 si
616 2586 651 2635 est
668 2587 736 2646 Joan.
756 2588 857 2634 Brantirn
873 2621 880 2644 ‚
898 2588 941 2651 qui
961 2591 1065 2633 memoria
1080 2588 1121 2632 de·

77 2652 151 2710 soli,
163 2665 189 2700 ut
198 2667 229 2702 ex
237 2655 295 2717 ioly
313 2653 339 2702 io
349 2651 466 2703 discimus
479 2653 583 2710 ‚Tribu-
611 2667 688 2716 ponere
704 2653 782 2720 longe
792 2653 880 2701 sestius
899 2657 925 2704 δι
935 2651 1057 2702 venustius
1067 2650 1120 2701 dici

75 2723 106 2771 ni
122 2720 241 2768 militum
249 2716 429 2768 sacramentum
437 2719 583 2785 exigebant3
608 2717 755 2768 contendit.
784 2724 876 2767 Davies.
1101 2714 1119 2744 “·”

77 2787 165 2837 dicere
181 2793 283 2850 oportet
297 2784 391 2834 fastum
406 2785 471 2834 illud
478 2784 582 2850 praesen·
657 2804 680 2843 3·
705 2787 802 2848 Magnus
827 2787 922 2831 omnium
941 2781 1017 2842 mceffir
1033 2785 1120 2836 rimam

74 2852 144 2905 tibus
166 2866 212 2903 aut
228 2848 385 2909 consulibus,
400 2854 583 2918 autptaetotiis,
614 2854 698 2898 namir
723 2856 792 2898 variis
807 2855 917 2899 hominnm
933 2848 1120 2907 sermonilnaau·

75 2935 118 2972 aut
135 2921 252 2986 denique
267 2915 439 2984 questotibus:
455 2933 517 2967 nam
533 2917 581 2967 hoc
611 2920 699 2979 geter]
717 2920 798 2966 Locus
817 2916 880 2965 mihi
900 2927 1021 2976 perquam
1038 2907 1120 2975 suspe-

75 2986 211 3038 manifeste
238 2983 353 3034 indicare
375 2980 425 3034 haec
450 2983 527 3034 verba
545 2986 582 3033 vi·
616 2983 686 3032 elus:
703 2978 810 3032 offendit
826 2977 955 3031 rumillud
970 2978 1121 3038 inceffirtimor

76 3053 180 3106 ‹lentun'
211 3051 267 3101 Nifi
285 3049 397 3099 dicamus
415 3051 494 3102 alium
504 3047 582 3098 turbis
615 3063 730 3106 omnium:
746 3073 801 3108 tum
821 3056 946 3123 imprimis
963 3046 990 3097 τὲ
1006 3071 1074 3110 nam,
1092 3067 1121 3101 a·

63 3121 129 3170 ¹illis
155 3123 182 3171 &
200 3115 326 3170 diversum
351 3111 466 3183 {ptisco
485 3131 583 3164 morem
614 3124 684 3174 lieno
709 3125 768 3174 loco
792 3124 908 3189 politum.
943 3116 1121 3169 Abstetsetone

79 3185 226 3243 luduffllm
243 3184 314 3252 quod
322 3197 375 3232 non
389 3183 505 3234 arbitror.
523 3186 583 3230 FOI·
616 3190 738 3240 mendum
747 3188 766 3236 fi
777 3187 900 3239 scribam?
921 3188 1014 3248 Magnae
1024 3190 1120 3233 omnium

80 3246 123 3299 san
138 3254 164 3302 tr
180 3267 213 3301 ex
227 3247 357 3301 hisvetbis
370 3250 479 3316 colligas
488 3248 518 3298 ab
529 3243 583 3312 ipso
615 3257 853 3318 inccffirrimoranimir.
871 3255 987 3308 triariis,
1005 3255 1053 3301 διε.
1066 3257 1122 3311 Ne·

79 3317 193 3366 Domitio
210 3352 218 3375 2
235 3321 262 3369 &
284 3323 352 3367 Varo
368 3315 485 3382 legiones
501 3312 582 3363 sacra·
615 3324 742 3389 gligentia
765 3321 862 3373 librarii
882 3317 946 3372 illud
969 3321 987 3364 ir
1000 3314 1119 3369 omissum

79 3394 193 3432 mentum
209 3384 321 3435 adadas.
338 3387 402 3431 Sane
417 3397 505 3447 parum
515 3377 582 3429 abest
614 3402 668 3438 fiat
686 3425 694 3448 ‚
711 3404 738 3439 ut
756 3385 816 3456 sape
834 3392 862 3438 in
878 3382 981 3455 syllabis
1003 3385 1119 3450 repetitis
1199 3443 1202 3450 Ι

20 3459 25 3467 ·
78 3448 146 3512 quin
161 3447 206 3498 hoc
217 3447 334 3500 sentiam.
360 3453 403 3498 D.
424 3449 508 3510 Voffiur.
615 3456 715 3506 accidit,
748 3461 788 3504 ita
802 3454 921 3506 raniensis
938 3452 1016 3499 animis
1033 3469 1042 3496 .·
1059 3450 1120 3500 hine

94 3524 140 3584 ¹2-
160 3537 286 3586 Memoriam
305 3539 445 3600 deponerent]
461 3543 502 3587 lta
519 3535 582 3601 legi·
613 3523 697 3587 ptimo
716 3526 797 3580 nimir,
812 3522 899 3589 postea
913 3533 964 3570 nam
978 3518 997 3563 is
1012 3515 1119 3566 fastum.

72 3612 117 3651 tur
141 3601 172 3649 in
189 3601 301 3659 omnibus
320 3602 507 3667 exemplagibus
525 3636 533 3660 ²
555 3603 582 3651 &
614 3594 648 3638 D.
661 3590 746 3652 Voffint.
990 3653 993 3658 .
1157 3645 1160 3648 Δ

71 3667 144 3721 leste
163 3665 270 3731 quidem.
299 3670 338 3720 Sic
359 3666 433 3734 supra
448 3669 495 3719 lib.
515 3684 536 3718 1.
554 3671 580 3716 B.
645 3686 671 3727 4.
690 3669 759 3715 Civrle
774 3665 876 3726 bellum]
898 3661 967 3712 'Piero
983 3660 1018 3710 esi
1035 3675 1120 3711 cortu·

71 3738 106 3785 G.
131 3747 191 3799 cap.
212 3750 267 3785 xtr.
295 3736 365 3801 Qod
384 3735 501 3794 viduos,
525 3734 582 3798 quod
613 3729 724 3796 ptissima
742 3767 750 3790 ,
769 3746 848 3796 quam
865 3734 890 3792 J.
907 3737 933 3780 F.
951 3730 1076 3776 Gronovius
1091 3728 1120 3776 in

66 3800 220 3875 Μίνῳ,
239 3801 582 3873 quodusllrlrogrt'rertaffrnl‚
613 3799 708 3853 notulis
724 3802 798 3849 Tacito
822 3797 894 3850 editt.
918 3795 1120 3920 malaspina·

755 3870 838 3931 tihi
1051 3866 1119 3926 ἐ,
