2616 4462
269 219 823 329 Jnassetnonrmcrno.
936 343 939 348 ,
1014 249 1088 351 ⁶73
1155 272 1158 279 ¹

109 367 322 466 X.'ltaque,
340 368 387 440 ibi
404 367 573 441 relietoP.
589 367 746 456 Saserna,
761 368 863 441 fratre
879 367 971 464 ejus,
986 391 1091 464 quem
1120 392 1135 441 t
1220 445 1224 452 ,

59 465 167 566 Lepti
190 466 351 564 proximo
368 466 501 562 oppido
519 465 701 563 reliquerat
719 490 800 538 cum
815 466 972 565 legione,
992 464 1093 562 jubet

61 565 270 663 comportari
286 564 380 661 ligna
396 565 432 635 in
448 562 618 660 oppidum
633 563 906 662 quamplurima:
926 560 994 658 ipse
1009 584 1089 631 cum
1115 581 1139 631 2

59 660 259 757 cohortibus
278 684 300 733 v
315 684 327 730 t
349 683 473 757 t,quae
488 682 532 732 ex
549 661 714 735 veteranis
727 659 923 759 legionibus
939 659 974 730 in
995 655 1093 728 classe

57 766 140 831 dum
156 756 312 856 Sulpicio
324 755 513 832 &Vatinio
524 780 599 829 rem
614 758 798 856 gess'erant,
815 782 859 830 ex
868 755 998 865 oppido
1010 755 1093 826 Ru-

55 853 151 952 spina
167 852 316 953 egrelsus
334 910 345 945 ‚
368 853 598 949 proficiscitur
619 855 662 926 ad
677 875 839 951 portum,
864 870 926 952 qur
942 851 1034 929 abest
1049 850 1093 922 ab

56 951 190 1051 oppido
207 949 313 1022 millia
331 949 485 1047 pasliaum
512 975 523 1020 t
545 975 575 1034 1,
601 949 718 1048 ibique
735 950 869 1024 clasl'em
892 949 956 1024 sub
974 947 1092 1044 vespe·
1119 967 1140 1050 3

55 1072 137 1122 rum
154 1046 394 1144 cumeacopia
411 1046 630 1133 conscendit,
646 1047 851 1122 omnibusin
867 1045 1023 1122 exercitu
1039 1045 1110 1150 in-¹

56 1144 206 1232 sciis„&
224 1144 917 1242 requirentibusImperatorisconfilium3
934 1161 944 1194 ¹
964 1165 1091 1242 magno

56 1261 157 1313 metu
183 1264 221 1312 ac
237 1240 369 1314 tristitia
385 1240 675 1317 sollicitabantur:
702 1268 805 1353 parva
821 1243 914 1316 enim
933 1265 1014 1314 cum
1033 1263 1092 1312 co·
1115 1257 1142 1334 4

59 1338 140 1436 pia,
163 1339 200 1411 ὅ(
216 1362 255 1411 ea
272 1338 426 1411 tironum
449 1395 460 1430 ,
483 1361 597 1435 neque
615 1364 711 1412 omm
729 1340 903 1438 exposita,
923 1339 959 1412 in
975 1336 1096 1410 Africa·

60 1456 179 1507 contra
201 1438 342 1535 magnas
360 1435 500 1532 copias,
526 1437 563 1510 &
581 1435 747 1512 insidiosae
763 1437 939 1527 nationis,
962 1434 1096 1532 equira-

59 1551 207 1628 tumque
221 1532 529 1621 innumerabilem,
546 1533 578 1606 se
589 1534 763 1632 expositos
773 1534 958 1608 videbant:
977 1554 1094 1628 neque

60 1628 250 1727 quidquam
266 1630 372 1704 solatii
387 1629 630 1728 inpraesentia,
653 1655 767 1728 neque
779 1631 946 1705 auxilium
963 1629 998 1700 in
1015 1628 1095 1700 suo·

58 1750 139 1798 rum
157 1727 298 1799 consilio
312 1727 648 1816 animadvertebant,
673 1728 777 1800 nisrin
792 1726 1094 1824 ipsiuslmperato·

60 1824 107 1894 ris
124 1823 248 1915 vultu,
266 1825 411 1922 vigore,
436 1823 652 1921 mirabilique
669 1825 834 1898 hilaritate
853 1850 862 1896 :
887 1823 1040 1896 animum
1057 1845 1093 1894 e·
1117 1832 1142 1910 5

61 1920 136 1991 nim
150 1920 259 1993 altum
275 1921 311 1994 bt
321 1918 476 1995 crebrum
492 1945 563 2018 prae
578 1922 610 1993 se
622 1921 780 2022 gerebat,
794 1921 893 1993 Huic
903 1917 1095 2017 acquiesce-

61 2016 148 2088 bant
165 2016 344 2107 homines,
367 2017 402 2090 &
425 2018 459 2089 in
477 2019 549 2117 ejus
564 2017 702 2092 scientia
716 2022 753 2095 ὃς
768 2017 912 2094 consilio
928 2014 1043 2114 omnia
1056 2015 1096 2089 fi-

61 2113 99 2187 bi
117 2113 283 2210 proclivia
299 2138 419 2186 omnes
435 2113 508 2187 sore
523 2117 715 2214 sperabant.

72 2281 74 2286 .
111 2213 178 2284 Xl.
202 2209 318 2305 ,Caesar
333 2211 368 2282 in
387 2212 531 2286 navibus
548 2238 615 2286 una
631 2212 736 2286 noste
754 2215 975 2310 consumpta,
999 2228 1014 2267 ¹
1025 2209 1096 2320 jam
1125 2225 1142 2274 1

63 2309 157 2381 coelo
171 2308 308 2382 albente
319 2309 605 2416 quumprohcisci
619 2331 821 2402 conaretur,
835 2310 947 2384 subito
957 2332 1098 2382 navium

16 2464 18 2468 ,
64 2429 162 2498 pars,
179 2405 221 2477 de
237 2405 476 2502 quanmebat,
494 2428 687 2498 exerrote,
704 2408 828 2482 eodem
844 2404 1098 2482 conferebatur.

66 2500 148 2574 Hac
164 2527 198 2575 re
216 2503 353 2599 cognita
367 2501 482 2578 Caesar
499 2504 655 2578 celeriter
672 2505 714 2578 de
737 2506 881 2585 navibus
898 2506 1043 2601 imperat
1060 2529 1096 2582 o·
1122 2522 1149 2572 2

65 2621 164 2670 mnes
181 2601 324 2696 egredi,
347 2622 451 2698 atque
466 2623 613 2676 armatos
631 2601 666 2674 in
683 2601 799 2677 littore
820 2605 971 2702 reliquos
994 2602 1100 2673 adve-

67 2699 198 2768 nientes
217 2694 339 2773 milites
362 2698 567 2794 exspeetare.
609 2701 728 2797 Itaque
746 2690 820 2775 fine'
842 2725 939 2775 mora
956 2697 1101 2770 navibus
1126 2705 1149 2788 3

66 2791 165 2865 eisin
186 2815 327 2890 portum
344 2797 512 2892 receptis,
537 2799 574 2870 bt
591 2796 742 2870 advehis
753 2799 909 2872 militum
926 2795 1104 2892 equitum·¹

93 2914 137 2962 ue
149 2888 278 2986 copiis,
304 2888 418 2961 rursus
435 2893 477 2962 ad
486 2893 653 2989 oppidum
662 2892 856 2991 Ruspinam
876 2892 981 2974 redit,
998 2909 1104 2988 atque

67 2913 116 3058 ihi
134 2987 247 3059 castris
273 2985 495 3076 constitutis,
520 2988 589 3083 ipse
605 3013 685 3061 cum
711 2991 913 3065 cohortibus
935 2989 1104 3097 expeditis

70 3107 144 3156 xxx
159 3084 410 3159 frumentatum
434 3083 483 3156 est
499 3083 685 3183 prosedlus.
719 3088 777 3160 Ex
794 3115 837 3163 eo
854 3087 903 3162 est
919 3108 1099 3261 cognrqqm
1126 3110 1153 3187 4
1237 3102 1240 3107 ’

52 3221 55 3225 .
1058 3211 1104 3261 ae.

103 3355 126 3392 1.
152 3348 231 3408 Magno
247 3362 306 3399 maru
320 3367 345 3398 ac
360 3349 450 3412 tristitia
461 3349 569 3410 fhllicira·
637 3364 662 3400 2.
680 3349 735 3409 Jam
752 3351 801 3400 calo
823 3350 927 3412 albente]
953 3352 990 3403 Sic
1006 3355 1103 3404 Beroald.

71 3411 165 3469 bantur]
182 3411 268 3464 Deesse
284 3431 372 3466 rocem
390 3415 570 3465 animadvertit
604 3421 638 3464 At
657 3421 707 3466 Van.
723 3418 780 3476 aas„
793 3413 912 3479 &Vascofi
921 3419 1041 3480 albescente.
1059 3419 1107 3470 Sed
1139 3412 1142 3417 ’

71 3478 141 3536 Joan,
151 3542 154 3549 Ι
166 3480 310 3544 Glandorpim
325 3517 332 3540 ,
351 3484 390 3531 cui
406 3479 579 3548 supplendum.
605 3484 630 3532 ht
651 3483 718 3542 cesar
731 3481 776 3533 lib.
797 3499 819 3532 1.
836 3481 867 3532 de
880 3485 1010 3535 Belleia
1025 3482 1106 3543 dixit,

92 3543 169 3591 lacutt
183 3546 269 3604 proinde
285 3545 435 3611 magnommr
450 3551 498 3598 bec.
531 3553 572 3612 Ip-
604 3549 686 3594 albente
700 3551 749 3595 coelo
766 3566 836 3596 omnes
852 3557 919 3614 captia
934 3551 1007 3610 rastris
1022 3554 1106 3608 educit,

72 3559 128 3658 sam
140 3611 210 3655 Hirtii
218 3621 320 3659 manum
330 3610 432 3662 exhibet
446 3618 498 3664 MS.
514 3621 572 3662 Nor·
605 3625 631 3662 ut
646 3611 743 3663 ibidem
753 3617 841 3680 legunt
859 3630 958 3670 omnes.
977 3620 1078 3680 Virgilius
1087 3617 1109 3681 l,

72 3679 119 3724 vio.
138 3671 151 3724 ὲ
170 3689 221 3738 quo
239 3678 411 3739 reponendum
426 3677 507 3745 estqui
524 3696 573 3726 ma·
607 3683 708 3730 turin.
719 3678 752 3730 vs.
765 3691 821 3738 586.

68 3756 113 3815 ,ψ
129 3754 187 3794 meta
199 3741 504 3807 actrillitiasallrcitrbantrrr'.
520 3749 573 3799 Da·
638 3769 699 3813 05-
708 3751 835 3812 reprimam
844 3749 944 3812 albesertr
954 3750 1021 3814 lmen!

72 3819 138 3876 yart,
504 3878 507 3883 Ι
638 3815 706 3886 Μ,
740 3818 825 3867 lirant.
