2616 4462
223 269 301 362 442
439 253 486 332 C.
506 256 537 352 J.
560 252 783 333 Cosmus
816 255 1069 338 Cornutum.

222 385 332 455 retur?
349 378 513 478 prasertim
527 406 619 475 quum
632 405 693 449 non
710 386 809 450 minus
821 382 885 472 effer
900 389 1108 484 imperatoris,
1130 389 1253 478 carfilio

176 499 201 585 3
217 479 379 577 stapam,
404 501 500 570 quam
513 477 620 574 gladio
639 507 651 544 .·
674 475 850 547 movebatur
870 485 960 549 eriam
982 484 1188 576 misericordia
1200 493 1249 554 ci·

223 581 338 664 vium,
365 587 375 620 ¹
393 600 464 669 quos
476 574 697 668 interficiendos
708 572 849 644 videbat:
870 574 1090 746 quibusgalvis
1100 588 1247 677 acquain-

221 669 390 761 colantibus
404 697 469 740 rem
488 668 619 741 obtinere
630 668 772 741 malebat.
809 671 895 744 H'oc
909 697 976 746 con
1004 674 1086 751 lium
1102 676 1248 750 Caesaris

172 793 200 876 4
223 766 429 936 dplerisqpe
448 791 519 840 non
546 767 764 866 probabatur.
795 768 919 843 milites
934 760 1030 846 veto⁸
1075 772 1141 846 lam
1155 775 1248 847 inter

220 865 254 937 se
270 865 375 964 loque
400 884 502 937 antur
519 888 530 951 3
554 872 702 962 quoniam
718 869 788 936 talis
802 869 909 958 occasto
931 870 1062 941 villaria
1076 866 1253 942 dimittere·¹

219 985 292 1047 tur,
315 969 406 1033 eriam
421 989 521 1059 quum
537 967 633 1033 vellet
650 966 764 1057 Cesar,
780 965 845 1057 sese
859 969 978 1057 noneffe
986 990 1174 1066 pugnaturos.
1196 969 1245 1039 Il-

220 1059 305 1132 lein
324 1059 380 1132 sua
404 1058 567 1133 sententia
589 1061 796 1158 perseverat3
819 1062 1027 1157 &paullum
1048 1087 1092 1139 ex
1109 1088 1152 1137 eo
1165 1063 1245 1139 loco

168 1165 196 1259 '5
218 1156 443 1256 digreditur,
467 1177 507 1231 ut
524 1157 683 1230 timorem
708 1157 900 1230 adversariis
917 1159 1058 1237 minuat.
1093 1161 1246 1260 Petrejus

190 1334 193 1341 ,
218 1274 322 1350 atque
339 1253 521 1346 Afranius,
544 1254 657 1328 oblata
670 1253 829 1329 facultate
838 1255 873 1327 in
888 1256 991 1328 castra
1000 1257 1065 1331 sese
1079 1257 1247 1333 referunt.

218 1352 336 1424 Caesar
354 1351 515 1450 praesrdiis
531 1352 707 1425 montibus
722 1351 909 1447 dispofitis,
931 1355 1027 1426 omni
1044 1355 1086 1440 ad
1105 1355 1247 1430 Iberum

218 1448 406 1523 intercluso
416 1449 553 1537 itinere,
571 1475 674 1548 quam
684 1452 842 1549 proxime
852 1451 962 1549 potest
973 1451 1124 1526 hostium
1133 1452 1251 1526 castris

217 1546 322 1620 castra
336 1548 540 1620 communit.

130 1736 133 1741 ι
171 1661 193 1720 ἰ
265 1644 446 1720 LXXIII.
472 1644 615 1719 Postero
629 1643 684 1716 die
700 1644 802 1718 duces
822 1644 1092 1721 adversariorum
1110 1664 1246 1744 pertur-

218 1740 307 1826 bati,
334 1743 428 1840 quod
446 1766 584 1816 omnem
600 1741 648 1814 rei
663 1739 911 1826 frumentariae,
936 1743 1156 1841 fluminisque
1169 1741 1246 1815 Ibe·

171 1846 203 1914 2'
219 1838 248 1910 ri
263 1837 355 1937 spem
365 1839 562 1929 amiserant,
584 1840 626 1911 de
635 1837 772 1936 reliquis
783 1839 1135 1914 rebusconsultabant.
1163 1840 1249 1941 Erae

218 1941 329 2009 unum
340 1937 423 2028 iter,
448 1938 594 2009 Ilerdam
608 1935 764 2010 strevetti
774 1937 922 2021 vellent,
937 1939 1099 2022 alterum,
1115 1936 1139 2007 fi
1155 1938 1246 2008 Tar·
1272 1985 1283 2015 ·,

217 2058 375 2107 raconem
389 2053 553 2131 peterent.
574 2033 664 2114 Haec
677 2034 933 2108 consiliantibus
946 2036 1019 2125 cis,
1044 2033 1245 2124 nunciatur,

168 2148 192 2232 3
215 2153 393 2228 aquatores
408 2131 450 2204 ab
473 2132 627 2229 equitatu
643 2132 750 2225 premi
773 2133 890 2205 nostro
910 2157 918 2205 τ
945 2156 1012 2230 qua
1029 2132 1244 2231 recognita,

216 2230 349 2304 crebras
364 2229 522 2302 stationes
534 2226 719 2324 disponunt
729 2229 907 2327 equitum,
929 2229 1170 2303 &cohortium
1181 2227 1247 2319 ala·

215 2327 365 2412 riatum3
389 2325 655 2424 legionariasque
671 2328 879 2426 interjiciunt
893 2327 1072 2409 cohottcs3
1098 2326 1247 2398 vallum·

216 2448 338 2520 queex
355 2425 467 2495 castris
479 2423 520 2494 ad
534 2446 655 2519 aquam
665 2424 788 2498 ducere
803 2424 994 2521 incipiunt;
1017 2444 1056 2496 ut
1072 2423 1159 2496 intra
1170 2448 1248 2496 mu-

216 2522 387 2595 nitionem
412 2522 450 2595 ὃ(
474 2516 544 2593 sme
566 2519 714 2606 timore,
747 2523 783 2595 &
807 2521 876 2593 fine
900 2519 1099 2594 stationibus
1128 2520 1246 2618 aquari

216 2617 363 2715 possent.
391 2618 430 2690 ld
446 2617 634 2714 opusinter
650 2616 681 2689 se
699 2619 852 2716 Petrejus
866 2639 969 2715 atque
983 2616 1147 2691 Afranius
1168 2641 1246 2716 par-

216 2716 381 2790 tiunturt
406 2714 567 2813 ipsique,
591 2714 790 2812 perficiendi
808 2717 921 2814 operis
944 2716 1082 2807 cauffo,
1106 2713 1244 2812 longius

214 2814 498 2912 progrediuntur.

167 2921 172 2928 ’
264 2910 445 2985 LXXIV.
461 2910 623 2999 Quorum
634 2908 774 2983 discessu
785 2909 922 2982 liberam
936 2908 1025 2982 nadi
1038 2907 1161 2982 milites
1171 2906 1245 2979 col·

216 3007 417 3108 loquiorum
433 3006 657 3094 facultatem,
681 3008 790 3109 vulgo
814 3008 1027 3105 procedunt3
1049 3009 1086 3082 &
1107 3028 1122 3061 2
1140 3030 1246 3176 quens]

1154 3127 1214 3199 qur
1232 3147 1248 3164 ·

250 3248 274 3285 r.
290 3236 353 3297 Qus
369 3232 520 3293 interficiendos
537 3232 646 3290 videbat]
662 3236 714 3280 Ra·
745 3233 778 3278 Et
793 3243 847 3296 cap.
863 3244 903 3278 vr.
921 3225 1192 3294 Multiplicandumque
1204 3223 1247 3283 se·

216 3317 273 3353 tum
286 3299 337 3357 est,
353 3312 379 3349 ut
396 3298 462 3364 apud
476 3300 589 3348 mellotis
597 3298 641 3345 avi
655 3295 715 3346 scti·
746 3313 793 3344 mm
809 3301 854 3358 ejus
868 3330 875 3352 ‚
887 3296 943 3355 ficui
957 3314 1033 3343 arenas
1049 3296 1116 3340 maris
1125 3289 1246 3353 dedisque

164 3358 168 3365 ⁸
215 3380 301 3434 ptores
316 3361 714 3429 liujusmodipatticipiasuturum
747 3365 793 3408 roeli
802 3395 810 3418 ‚
824 3362 942 3426 spopondit.
962 3366 1000 3410 Ac
1015 3361 1104 3408 iterum
1120 3369 1173 3419 cap.
1184 3370 1246 3429 vrri.

215 3447 315 3498 tempus
338 3429 536 3497 adfignificent,
560 3428 625 3479 unde
649 3433 711 3479 Fam.
746 3430 940 3489 Majoremminori
952 3423 1105 3475 subdendum
1113 3420 1160 3481 ‘ss‘-
1180 3418 1246 3480 vide

215 3503 322 3548 stradam
338 3496 371 3547 ob
387 3497 451 3546 hunc
465 3494 629 3545 eommusum
639 3508 713 3545 nota·
743 3495 822 3542 etiam
837 3492 1043 3558 lib.tr.cap.1r.
1075 3490 1170 3537 Daor'es.

216 3567 253 3615 vit
270 3565 329 3627 susp.
346 3567 452 3627 Scioppius
467 3561 518 3612 Ins.
528 3562 642 3610 Famiani
651 3576 710 3626 pag.
779 3577 802 3609 2.
828 3562 901 3623 Qaem
920 3563 1028 3624 plerisque
1041 3560 1063 3602 in
1078 3552 1152 3613 castris
1171 3568 1245 3601 norunt

215 3646 259 3688 95·
274 3635 314 3678 lta
325 3642 413 3678 tamen
427 3625 531 3693 persaepe
542 3631 653 3693 loquitur
662 3631 712 3674 Sul·
744 3639 808 3692 atqui
824 3630 949 3688 municipem
965 3626 1069 3678 habebar,
1085 3623 1192 3687 conquirit
1208 3632 1246 3666 ar-

212 3700 282 3762 pm'us
299 3699 400 3743 Severus.
418 3695 455 3745 Sic
471 3694 532 3744 nist.
550 3701 613 3745 sacr.
627 3692 671 3742 llb.
690 3708 712 3741 t.
745 3708 784 3756 que
792 3696 872 3739 orcarl
887 3696 960 3756 Lego
969 3690 1093 3740 omnino:
1112 3687 1246 3753 quamquis-

211 3777 271 3828 περ.
294 3777 332 3812 rv.
352 3764 380 3808 Se
394 3779 417 3808 m
437 3778 503 3809 unum
520 3796 527 3819 ‚
547 3757 712 3826 dispergenda
746 3775 786 3821 que
802 3755 1247 3820 incastrisnotumctqaemanicipemla·

213 3841 253 3896 per
269 3828 445 3887 catemariam,
469 3830 588 3878 multituda
599 3828 712 3876 contraxit.
744 3827 803 3874 lebat
817 3828 923 3891 conquirit
933 3837 998 3889 arque
1006 3835 1088 3872 avocat.
1107 3820 1180 3870 sicin
1189 3831 1246 3932 qug-

1153 3898 1211 3934 nuc
1235 3902 1250 3918 “
