2616 4462
283 300 344 375 no
369 297 529 375 Brenno
553 295 927 373 Anima-nimo.
1059 292 1164 392 '615¹
1273 338 1277 345 ·

99 414 243 493 'eandam
263 413 420 503 classem,
445 416 482 488 &
506 414 548 487 ad
565 433 762 510 receptum,
788 411 812 484 fi
832 411 952 484 durior
967 409 1137 484 accidisset

100 515 214 600 casus,
237 511 472 609 impeditiores
489 511 564 584 fore
580 509 795 584 videbantur.

145 610 244 686 XV.
276 608 429 682 Rhodiis
450 609 594 699 navibus
611 630 753 706 praeerat
770 607 1006 704 Euphranor,
1030 603 1135 680 animi
1163 627 1180 677 1

100 707 340 808 magnitudine
355 731 393 778 ac
412 706 541 780 virtute
557 706 664 805 magis
686 730 766 778 cum
781 704 904 775 nostris
918 698 1138 792 hominibus,

126 831 204 879 uam
222 816 302 876 curn
321 803 472 888 Graecis,
498 803 770 900 comparandus,
797 802 852 874 hic
868 799 916 873 ob
932 798 1137 872 notiffimam
1162 818 1186 870 2

100 831 273 976 icientiam
299 920 401 999 atque
423 901 528 973 animi
551 898 823 1000 magnitudinem
849 897 1002 970 delebitis
1024 896 1072 969 est
1095 895 1139 968 ab

103 999 274 1083 Rhodiis,
290 1001 350 1096 qui
359 1000 541 1095 imperium
559 997 662 1071 claffis
676 994 868 1070 obtineret:
886 995 969 1094 qui,
985 994 1045 1066 ubi
1057 992 1138 1065 Cae·
1165 994 1188 1079 3

102 1095 343 1168 sarisanimum
359 1097 525 1183 advertit,
541 1096 667 1166 Videris
676 1097 771 1180 mihi,
793 1093 931 1191 inquit,
953 1096 1069 1182 Cesar,
1085 1119 1141 1160 ve·

102 1201 193 1283 reri,
206 1197 243 1282 st
256 1195 314 1262 iret
330 1194 416 1263 vada
427 1201 550 1295 primus
572 1191 704 1262 navibus
723 1196 914 1278 intraveris,
936 1217 973 1259 ne
985 1194 1076 1289 prius
1090 1188 1143 1256 di-

103 1298 220 1360 micare
236 1297 385 1386 rogaris,
409 1314 502 1383 qnam
524 1293 679 1383 reliquam
701 1291 824 1377 clasem
841 1289 932 1388 poffis
956 1287 1140 1385 explicare:

102 1386 190 1456 nobis
214 1412 282 1455 rem
308 1393 494 1464 committe‚·
515 1388 732 1552 nosproelium
745 1382 990 1475 sustinebimus,
1014 1385 1037 1479 (
1045 1374 1141 1474 neque
1163 1393 1192 1473 4
1223 1471 1226 1479 Ι

104 1507 192 1554 tuum
201 1482 546 1583 judiciumfallemur)
596 1510 649 1552 um
665 1484 778 1578 reliqui
790 1478 1033 1574 subsequantur:
1061 1494 1071 1527 ¹
1091 1477 1143 1546 lros

104 1580 233 1674 quidem
251 1579 368 1650 diutius
384 1587 418 1649 in
435 1579 529 1670 nrrslro
548 1581 704 1680 eonspeslu
717 1581 853 1676 gloriari
870 1573 1077 1676 magnentius
1095 1590 1143 1646 (ν
1182 1638 1185 1645 .

104 1678 305 1748 dedecori&
322 1677 424 1746 dolori
438 1676 487 1768 est.
511 1675 627 1749 Caesar
636 1675 736 1748 illum
752 1672 967 1756 adhortatus,
991 1692 1143 1771 atqueo·
1167 1685 1194 1762 5

107 1772 246 1846 mnibus
261 1772 418 1846 laudibus
434 1774 635 1870 prosecutus
650 1772 706 1845 dat
724 1770 860 1871 fignum
881 1793 1021 1869 pugnae.
1056 1771 1141 1841 Pro·
1168 1765 1194 1839 6

108 1867 233 1968 gress'as
253 1870 343 1942 ultra
367 1872 494 1943 vadum
516 1894 566 1944 tv
591 1870 749 1944 Rhodias
770 1892 871 1942 naves
889 1864 1145 1941 circumfistunt

107 1966 361 2056 Alexandrini,
385 1988 488 2065 atque
504 1967 539 2040 in
555 1992 607 2042 eas
622 1968 788 2065 impeturn
805 1965 947 2038 faciunt.
970 1962 1148 2038 Sustinent

107 2064 189 2148 illi,
215 2084 319 2162 atque
335 2072 405 2138 arte
429 2064 645 2163 sollertiaque
671 2065 703 2139 se
719 2063 894 2161 explicant
918 2087 927 2134 ι
953 2083 991 2145 ac
1011 2081 1145 2133 tantum

107 2160 266 2235 dosirina
283 2163 418 2258 potuit,
443 2183 483 2235 ur
498 2162 533 2236 in
551 2161 672 2262 dispari
689 2185 836 2234 numero
853 2158 947 2231 nulla
962 2155 1147 2230 transversa
1191 2162 1194 2169 ⁴
1274 2201 1276 2205 -

109 2259 198 2333 hosti
207 2259 433 2357 objiceretur,
454 2259 965 2354 nulliusrcmidetergerentur,
989 2253 1044 2330 sed
1063 2255 1148 2327 sem·

108 2382 172 2451 per
191 2356 409 2430 venientibus
423 2356 571 2429 adversae
586 2376 819 2429 occurrerent.
844 2355 985 2428 Interim
1000 2353 1077 2425 sunt
1095 2378 1149 2428 re·
1174 2377 1197 2452 7

24 2484 26 2488 ·
109 2454 217 2551 liquae
231 2451 438 2527 subsecutae:
455 2460 542 2528 'tum
558 2448 740 2530 necessario
757 2451 936 2526 discessum
955 2449 997 2521 ab
1010 2472 1082 2524 arte
1097 2448 1148 2524 est

109 2569 253 2646 propter
270 2551 439 2649 angustias
457 2551 546 2639 loci,
563 2572 666 2648 atque
682 2574 786 2622 omne
797 2573 968 2623 certamen
986 2549 1021 2620 in
1037 2548 1148 2622 virtu-

45 2669 47 2673 ·
111 2666 147 2721 te
162 2645 324 2719 constitit.
350 2649 477 2746 Neque
487 2674 571 2724 vero
586 2647 806 2722 Alexandriae
817 2648 882 2720 fuit
899 2644 1078 2745 quisquam
1089 2664 1149 2718 aut
1173 2647 1196 2722 8
1267 2730 1270 2739 ¹

111 2741 331 2830 nostrorum,
355 2766 419 2822 aut
430 2747 706 2842 oppidanorum,
730 2747 790 2843 qui
808 2746 916 2818 autin
933 2768 1066 2840 opere,
1089 2761 1151 2815 aut
1241 2775 1243 2779 ·

110 2842 147 2914 in
166 2839 429 2938 oppugnatione
439 2851 647 2941 occupatum
659 2845 811 2916 animum
825 2842 984 2928 haberet,
1003 2840 1088 2936 quin
1100 2837 1152 2910 al-

113 2937 232 3012 tissima
249 2935 338 3009 tecta
356 2958 512 3034 peteret,
535 2963 639 3037 atque
656 2966 699 3014 ex
714 2939 811 3012 ornni
828 2935 1011 3035 prospesbu
1029 2937 1149 3009 locum

112 3034 304 3131 spediaculo
315 3056 465 3132 caperet,
477 3036 745 3135 precibusque&
756 3034 1034 3112 votisvidioriam
1051 3053 1065 3086 2
1084 3033 1152 3109 suis

72 3164 76 3169 ’
112 3133 155 3205 ab
172 3134 235 3207 diis
251 3132 504 3208 immortalibus
520 3134 729 3233 exposceret.

113 3325 183 3372 dinem
195 3331 301 3391 multifido
315 3331 377 3391 ferro
392 3344 552 3393 enarmonium,
568 3347 614 3395 qua
647 3333 700 3378 citat
715 3329 774 3390 ustus
790 3332 949 3390 incendiorum,
966 3349 1002 3380 nee
1017 3331 1155 3377 remedioul·

115 3395 139 3437 in
161 3396 266 3443 muliebris
281 3400 320 3444 coli
336 3398 435 3458 sormam
453 3432 460 3455 ,
483 3414 524 3462 quo
539 3411 616 3444 nentur
651 3401 754 3460 loquum
774 3395 895 3461 superjaslo
915 3403 1006 3462 pulvere
1023 3397 1152 3458 consopitur.

115 3459 182 3503 linteo
196 3458 289 3516 stamina
307 3498 316 3520 ‚
333 3478 464 3512 concavatur
480 3478 556 3511 ventre
563 3463 617 3524 sui·
641 3461 799 3513 ‘Rhellicam

115 3525 200 3576 tilrtrr,
221 3525 246 3575 i?
260 3529 402 3588 plurifariam
411 3543 506 3594 patens,
523 3533 619 3594 atquein
687 3544 709 3578 1.
727 3533 772 3575 Hos
784 3531 870 3593 quidem
879 3532 972 3590 diutius]
989 3533 1042 3597 Μξ.
1059 3531 1152 3579 Norvic.

115 3591 180 3637 alveo
196 3589 239 3649 ipso
256 3593 323 3652 ignem
337 3613 385 3644 eum
399 3599 472 3660 aliquo
485 3595 575 3660 suscipit
591 3614 618 3642 u·
652 3590 755 3649 exhibet
769 3597 806 3642 hos
821 3600 877 3642 enim
892 3599 989 3653 diutius,
1007 3596 1075 3661 quod
1084 3610 1154 3660 reque

116 3658 212 3704 limentt·
239 3659 269 3701 Et
286 3663 359 3721 emissa
374 3665 451 3709 lentius
467 3679 521 3709 arcu
535 3664 619 3708 invali-
652 3663 744 3727 placet.
780 3665 876 3711 Davies.

116 3723 164 3775 do,
181 3723 280 3783 ignitur,
297 3725 340 3771 itin
355 3729 411 3773 enim
426 3730 621 3792 rapidooreerrtin·
689 3743 711 3778 1.
737 3729 830 3784 Salias
851 3730 904 3775 Diis
919 3731 1076 3777 immortalibus
1093 3741 1156 3792 expo-

10 3846 12 3853 ,
113 3788 212 3851 guitum
227 3786 249 3844 st
256 3786 456 3855 haseritusquom,
471 3796 623 3840 tenacitercre-
652 3794 740 3855 sceret]
765 3795 813 3842 Hic
841 3792 979 3845 admodum
1003 3793 1099 3844 facetus
1123 3791 1159 3839 est

119 3863 184 3932 mut,
201 3853 227 3907 dr
237 3855 260 3903 io
272 3868 360 3920 quoque
370 3858 478 3924 eonstinso
492 3860 625 3910 uriorreu·
639 3859 727 3963 [soon.
745 3860 877 3986 Graiium,
892 3857 955 3921 nam
972 3861 1006 3910 ait
1023 3878 1064 3908 non
1080 3873 1105 3906 ut
1117 3849 1159 3916 [14ζ

815 3935 832 3987 ‘1
847 3941 866 3985 4
1117 3935 1160 3986 ll·

884 4051 899 4081 5
