2616 4462
351 315 412 368 na
435 292 594 370 Burro
619 272 887 371 llrnrcauo.
1074 280 1172 400 679.
1247 339 1254 344 -

115 411 162 511 'pe
176 412 235 512 qui
251 410 435 496 inillorum
455 415 513 488 sibi
524 416 716 492 confideret
726 413 971 501 multitudine;
987 412 1153 512 primum,
1169 480 1173 489 .
1192 467 1195 472 -

116 512 214 609 quod
228 512 378 586 audierat
391 514 523 586 Romae
539 514 689 614 legiones
705 512 1075 601 veteranasdillentire,
1093 537 1153 585 ne·

116 609 237 704 quein
256 609 409 682 Africam
428 611 516 683 velle
533 611 691 684 transire:
719 610 866 702 deinde,
890 611 985 709 quod
1004 609 1153 682 triennio

114 705 152 777 in
172 706 289 778 Africa
305 705 382 779 suos
397 709 524 781 milites
532 688 779 782 conluetudine
797 727 946 780 retentos
959 706 1076 778 fideles
1082 707 1153 800 jam

114 800 178 874 sibi
188 800 372 892 effecid‘etq
394 806 542 877 maxima
556 827 669 880 autern
678 804 804 878 auxilia
819 803 957 877 haberet
974 802 1153 876 Numida-

112 922 194 972 rum
213 902 374 997 equitum
397 901 549 1000 levisque
573 925 765 977 armaturae.
816 901 985 974 Praeterea
1008 925 1051 974 ex
1070 898 1152 1000 fuga
1176 930 1202 1010 4

112 997 313 1095 proelioque
326 999 553 1099 Pompeiano,
565 1025 652 1098 quos
661 1001 773 1074 secum
789 1013 802 1048 ¹
823 996 1034 1071 aBrundisro
1046 1018 1153 1070 trans*

112 1115 333 1190 portaverat,
354 1099 486 1196 equites
499 1098 693 1172 Germanos
707 1096 835 1169 Gallos
854 1120 918 1187 ue,
939 1094 1068 1193 ubique
1088 1121 1153 1193 po·

115 1191 236 1266 steaex
251 1191 392 1269 hibridis
410 1195 576 1268 libertinis
585 1195 754 1293 servisque
764 1121 1027 1293 conlcripserar,
1043 1216 1152 1266 arma·

116 1309 233 1379 verat,
248 1315 411 1390 equoque
427 1291 560 1366 frenato
578 1294 629 1367 uti
646 1293 889 1367 condocuerat.
912 1292 1080 1364 Praeterea
1100 1314 1151 1361 re·
1176 1316 1200 1392 5
1292 1320 1302 1343 τ

115 1384 172 1483 gia
187 1388 331 1470 auxilia,
354 1391 550 1488 elephantes
564 1415 649 1474 cxx,
664 1388 905 1489 equitatusque
920 1386 1150 1462 innumerabi-

115 1484 178 1555 lis:
199 1485 324 1559 deinde
338 1484 490 1585 legiones
501 1487 703 1587 conscriptae
720 1506 736 1540 ²
754 1510 799 1559 ex
817 1484 1078 1585 cujusquemodi
1088 1507 1150 1584 ge-

115 1580 206 1654 neris
222 1582 368 1682 amplius
384 1609 406 1656 x
423 1610 433 1654 r
454 1610 467 1656 r
489 1584 650 1658 millibus.
663 1585 757 1665 ‚Hac
773 1582 830 1680 spe
844 1605 948 1678 atque
964 1608 1001 1655 ea
1016 1582 1151 1657 audacia
1175 1585 1200 1659 6
1298 1621 1301 1625 ·

114 1677 344 1755 inflammatus
361 1682 535 1757 Labienus
553 1738 564 1771 ,
588 1707 668 1755 cum
684 1679 859 1780 equitibus
875 1679 987 1753 Gallis
1003 1680 1150 1752 Germa·

115 1774 285 1872 nisqueoo
304 1802 380 1862 oc,
406 1779 644 1852 Numidarum
661 1778 730 1851 srne
745 1776 848 1850 frenis
870 1803 881 1847 r
902 1802 954 1849 rx
971 1777 1149 1862 millibus,
1174 1784 1177 1789 '

114 1875 278 1968 praeterea
306 1876 485 1983 Petrejano
509 1874 639 1949 auxilio
663 1875 818 1949 adhibito
841 1870 1017 1972 equitibus
1039 1903 1075 1944 00
1104 1899 1149 1963 o,

114 1969 273 2066 peditum
291 1994 331 2043 ac
346 1970 431 2046 leurs
445 1994 625 2049 armaturae
642 1995 760 2072 quater
775 1972 897 2064 tantis,
920 1969 1097 2069 sagittariis
1112 1995 1150 2041 ac

1069 2065 1150 2140 fun-

109 2176 156 2223 ta‚
173 2165 232 2227 vel,
249 2165 340 2216 ordine
354 2163 488 2216 verborum
496 2178 612 2225 mutato,
641 2171 700 2216 tium
715 2187 726 2227 3
742 2168 793 2217 lroc
816 2167 885 2216 enim
900 2164 980 2215 modo
1003 2163 1069 2214 deest
1088 2167 1150 2224 cesar
1235 2192 1239 2198 ·

112 2229 272 2283 scribendum
286 2238 360 2299 quippe
376 2237 414 2298 qm}
421 2236 538 2280 indiarum
555 2237 614 2282 mul·
629 2279 632 2296 q
644 2236 763 2291 ablativus,
773 2247 848 2298 quem
857 2229 997 2298 praepositio
1005 2250 1031 2279 ex
1040 2227 1150 2282 necessr-

110 2301 205 2347 titudine
214 2300 383 2361 fibrconfideren
401 2300 504 2348 Davies.
629 2301 684 2425 ‘tio
699 2297 816 2365 postulat.
849 2299 960 2347 Minima
985 2299 1146 2356 mutatione,

149 2378 173 2414 r.
202 2372 232 2413 Λ
248 2368 383 2426 Brundisto]
402 2366 495 2414 Malim
510 2365 614 2430 legere,
646 2369 709 2413 voce
724 2367 787 2414 item
809 2361 985 2430 transpofita,
1009 2364 1148 2431 legendum

112 2442 167 2491 quos
179 2432 251 2489 secum
268 2431 283 2478 d
297 2435 434 2494 Dyrrhachio
452 2432 615 2496 transportave-
646 2429 796 2479 credidttim
813 2428 975 2495 cujusquemodi
987 2434 1071 2493 generis
1085 2437 1148 2480 mili·

113 2506 160 2543 rat.
178 2495 229 2544 Etsi
242 2497 375 2548 enimcum
391 2497 512 2562 Pompeio
526 2500 616 2545 exlta·
646 2497 702 2543 ribus
718 2501 810 2560 amplius
827 2511 885 2552 arr,
907 2509 934 2544 ut
957 2495 1007 2544 haec
1032 2493 1062 2546 fit
1080 2499 1147 2548 velut
1241 2536 1245 2543 .

114 2558 154 2608 lia
168 2561 258 2610 cedens
271 2562 395 2613 Labienus
411 2561 547 2613 Brundusio
564 2559 615 2611 sol·
646 2564 840 2627 dictionarium
854 2573 984 2637 copiarum
1002 2607 1009 2630 ,
1027 2586 1089 2637 quas
1109 2571 1147 2622 se-

115 2627 153 2675 uit
168 2659 176 2682 t
193 2640 280 2676 tamen
295 2629 348 2692 post
363 2644 474 2696 pugnam
489 2624 613 2679 Pharsali·
646 2651 703 2685 cum
719 2634 807 2685 habuit
822 2635 963 2694 Labienus„
980 2638 1045 2696 vel,
1060 2635 1078 2685 Ιῖ
1095 2637 1147 2688 haee

114 2707 174 2741 cam
192 2690 302 2769 reversus
318 2695 518 2757 Dyrrhachium,
536 2710 613 2760 quot·
646 2701 792 2751 emendatio
817 2719 869 2751 non
897 2703 1032 2759 arrideat,
1056 2700 1146 2752 lubens
1188 2718 1190 2724 ’

113 2772 215 2822 cunque
230 2770 312 2823 potuit
329 2774 369 2808 ex
391 2760 452 2825 fuga
470 2762 532 2810 colii
551 2775 614 2817 ens„
643 2759 777 2818 scriberem
800 2769 848 2815 dein
864 2771 909 2815 aua
925 2772 1013 2830 agones
1029 2771 1147 2832 confirma

112 2838 174 2872 cum
195 2840 228 2873 ex
244 2822 378 2900 mendacio
394 2823 443 2873 suis
460 2827 513 2890 imp
543 2823 614 2875 uisset
645 2850 671 2879 ex
693 2836 855 2898 cujusquemodi
874 2839 956 2895 generis
979 2838 1071 2896 amplius
1096 2850 1143 2882 art

111 2889 147 2938 de
162 2887 267 2938 Caesatss
283 2891 387 2953 capitali
402 2891 522 2949 vulnere,
541 2892 613 2940 ‘M-
643 2902 747 2951 millibus.
762 2903 901 2948 Numerum
909 2912 994 2947 autem
1002 2899 1144 2958 hominum,

111 2955 207 3008 fflcam
220 2956 331 3018 mimi·
363 2959 483 3020 Glandorp.
643 2979 676 3011 ex
693 2964 781 3030 quibus
797 2967 913 3031 legiones
929 2965 980 3013 illa
995 2963 1144 3014 conflaban-

149 3052 174 3085 2.
201 3041 237 3083 Ex
253 3035 413 3097 cujusquemodi
424 3036 507 3096 generis
523 3034 615 3092 amplius
642 3040 706 3086 tur,
724 3030 794 3079 addit
811 3034 914 3087 Hirtius,
934 3031 995 3095 quia
1008 3043 1062 3079 tum
1077 3043 1145 3080 tem·

114 3112 162 3148 terr
182 3102 291 3150 millibus]
307 3101 434 3150 Ultimum
450 3112 562 3152 vocem,
588 3107 615 3143 ut
643 3095 710 3155 poris
726 3092 1145 3154 minorenumerostabant3etairt
1183 3108 1186 3115 ’

114 3163 200 3230 inepte
213 3165 352 3224 intrusam,
370 3165 449 3217 deleti
465 3161 532 3225 jubet
555 3158 612 3220 Just.
645 3159 731 3216 enim,
748 3174 774 3209 ut
791 3161 905 3218 videtur,
922 3164 1028 3227 quinum
1043 3165 1144 3213 circiter

115 3233 199 3293 Lipfius
220 3235 300 3285 Elest.
322 3231 368 3281 lib.
394 3247 433 3280 11.
457 3240 615 3294 eap.xx11.
645 3223 773 3283 millium,
788 3228 848 3275 licet
863 3229 894 3275 iis
907 3242 1028 3293 quaterna
1044 3242 1144 3280 tantum

114 3299 257 3356 necenim,
276 3314 302 3348 ut
310 3310 399 3364 putat,
419 3295 615 3346 aliudvultllrr-
646 3288 729 3338 millia
743 3291 855 3358 adsignet
873 3296 951 3341 Sextus
965 3297 1041 3359 Rufus
1049 3298 1077 3345 in
1085 3301 1145 3346 Bre-

114 3366 176 3419 tius,
193 3378 268 3428 quam
281 3366 397 3432 legiones
406 3378 460 3413 non
478 3359 493 3412 ὸ
508 3359 569 3410 solis
579 3360 616 3408 ei·
646 3353 708 3407 viar.
726 3370 779 3425 cap.
796 3373 835 3407 vr.
860 3357 930 3408 Edit.
948 3361 1050 3424 quidem
1069 3363 1152 3426 Stephs

113 3428 212 3488 vibus,
236 3430 278 3480 setl
296 3429 309 3482 ὲ
326 3427 441 3480 miscello
458 3443 550 3496 genere
567 3425 614 3487 ho·
646 3419 750 3470 exhibet
776 3441 802 3469 ex
825 3426 984 3488 cujusquemodi
1000 3430 1142 3492 generisque

114 3498 214 3547 minum
229 3496 324 3547 conseri
342 3509 380 3545 tas
389 3491 461 3545 fuisse
470 3493 612 3546 duodecim
646 3491 699 3538 MS·
726 3501 810 3539 autem
824 3493 916 3565 firmic.
936 3509 962 3537 ex
983 3495 1144 3559 cuiusquemodi

112 3563 202 3613 Virum
226 3565 303 3612 illum
320 3511 488 3610 <leuissimum
505 3558 614 3625 sequitur
640 3553 1143 3621 genemsed111f1acap,gx111,dixie
1244 3606 1247 3611 .

113 3629 181 3689 Joan.
198 3631 328 3683 Goduinm,
347 3643 373 3674 rr
390 3632 458 3676 MSS.
474 3629 615 3693 Regiorum
647 3618 730 3695 noster
753 3640 801 3670 cum
825 3627 934 3670 naviculis
955 3622 1144 3690 cujusquemodi

112 3696 143 3744 δι
157 3695 228 3742 unius
236 3691 361 3741 vidrorini
375 3692 523 3743 auetoritate
532 3694 615 3744 nixus.
646 3701 745 3752 generis
762 3693 853 3751 amplius
868 3704 930 3739 xxx.
956 3692 994 3740 sic
1010 3694 1036 3742 δι
1052 3694 1143 3740 iterum

113 3758 162 3811 Sed
179 3773 210 3807 ea
235 3756 377 3814 coniedtuta
401 3759 479 3821 recipi
496 3774 549 3807 non
567 3772 614 3823 po-
644 3767 700 3817 cap.
719 3767 813 3805 xxxvi.
828 3754 897 3819 quod
911 3768 1039 3825 receptam
1053 3757 1146 3818 ledlinf

112 3824 186 3897 aest,
206 3820 253 3877 niu
267 3818 393 3878 soloeuun
406 3820 542 3878 stuuamus
558 3827 615 3876 uir·
644 3832 705 3871 aem
717 3830 827 3938 tueturav
834 3815 939 3936 νῡινειί.
