2616 4462
105 256 299 364 .·'··-‘736
458 249 1083 339 AcHrnrrtCouunxn

175 397 200 466 '2
223 383 415 480 pidumque
430 373 665 450 defenderent.
692 376 858 473 Quorum
874 399 986 475 quum
1003 392 1140 473 partem
1157 371 1270 449 asseu-

222 480 308 569 tire‚
332 494 464 574 partem
481 474 635 545 animum
654 494 876 572 mentemque
895 473 1138 570 perterritam,
1159 491 1268 572 atque

223 592 236 628 ¹
255 577 290 649 in
304 573 387 672 fuga
403 569 602 643 destinatam
619 571 741 644 habere
750 571 984 656 intellexisset,
1007 568 1156 666 amplius
1172 569 1218 643 de
1228 572 1266 645 ea

170 742 175 757 ,
222 697 259 746 re
280 695 380 770 agere
394 666 523 745 destitit
544 724 555 756 ,
580 669 750 766 navesque
769 669 808 741 iis
831 669 1011 756 attribuit,
1035 685 1100 757 ut,
1123 667 1163 740 in
1181 692 1267 765 quaa

173 764 197 876 '3
224 770 369 868 quisque
384 763 627 863 partesvcllet,
653 765 937 862 proficisceretur.
950 765 1025 860 lpse
1035 765 1266 839 omnibusre·

223 867 288 940 bns
312 860 567 964 diligentissime
583 862 802 947 constitutis,
827 862 940 937 liberis
955 863 1021 935 suis
1047 861 1093 934 L.
1109 861 1264 953 Caesari,

223 966 285 1059 qui
302 984 377 1035 tum
397 963 427 1034 ei
444 984 508 1057 pro
523 958 693 1057 quaestore
704 958 834 1045 fuerat,
849 960 1113 1055 commendatis,
1137 963 1179 1035 &
1197 962 1266 1034 fine

221 1061 435 1156 suspicione,
460 1056 565 1128 vultu
581 1075 683 1154 atque
700 1056 876 1149 sermone,
901 1082 973 1155 quo
989 1056 1165 1152 superiore
1178 1077 1265 1133 tem·

222 1182 310 1255 pore
329 1155 407 1230 usus
422 1151 556 1238 fuerat,
573 1178 683 1251 quum
694 1155 886 1229 dormitum
903 1156 996 1245 isset,
1020 1154 1151 1228 ferrum
1170 1155 1264 1231 intro

173 1277 202 1356 4
224 1255 313 1329 clam
332 1256 366 1326 in
382 1251 584 1326 cubiculum
605 1252 705 1342 tulit,
729 1274 831 1351 atque
846 1253 891 1325 ita
907 1253 940 1327 se
957 1251 1149 1348 transjecit:
1171 1273 1190 1306 ²
1205 1251 1264 1351 qui

223 1354 308 1424 dum
323 1351 432 1423 anima
457 1349 615 1422 nondum
631 1348 796 1446 exspirata
822 1350 1020 1424 concidisset
1038 1377 1048 1439 3
1072 1351 1110 1422 &
1127 1349 1264 1447 impetu

166 1480 168 1485 ·
222 1448 316 1522 fasso
333 1448 368 1520 in
384 1445 587 1520 cubiculum
603 1471 647 1520 ex
667 1447 873 1544 suspicione,
898 1447 1049 1523 medicus
1065 1444 1264 1521 familiares·

224 1570 292 1641 que
314 1544 491 1618 continere
515 1564 618 1641 atque
641 1544 769 1618 vulnus
787 1544 858 1620 obli
886 1570 942 1619 are
959 1544 1172 1644 coepissent,
1195 1543 1263 1642 ipse

223 1641 455 1715 suismanibus
471 1644 598 1714 vulnus
612 1640 839 1715 crudelissime
854 1568 1009 1734 dgivellit,
1027 1662 1131 1738 atque
1146 1640 1260 1715 animo

176 1761 202 1840 5
224 1742 379 1838 praesenti
398 1739 430 1813 se
447 1738 629 1812 interemit.
660 1739 777 1835 Quem
795 1739 979 1814 Uticenses
994 1762 1208 1838 quamquam
1221 1764 1261 1812 o-

224 1831 344 1910 deran‘t
358 1835 508 1935 partium
528 1836 633 1935 gratia
654 1891 666 1927 ,
688 1850 832 1926 tamen,
857 1858 1000 1934 propter
1016 1839 1100 1934 ejus
1114 1835 1264 1936 singula-

223 1932 1263 2034 remintegritatem,&quoddissimillimusreliquorumdu·

225 2058 306 2107 cum
323 2032 449 2115 fuerat,
470 2030 785 2129 quodqueUticam
795 2030 1265 2142 mirificisoperibusmunie·

177 2130 203 2204 6
225 2152 304 2215 rat,
328 2129 506 2226 turresque
523 2147 662 2200 auxerat
681 2183 693 2216 ,
717 2125 890 2224 sepultura
904 2128 1069 2203 afficiunt.
1102 2126 1194 2224 Quo
1213 2128 1264 2202 in-

225 2225 391 2315 scelesto,
416 2225 463 2300 L.
482 2223 618 2314 Caesar,
636 2244 681 2296 nt
695 2223 822 2323 aliquid
838 2224 900 2298 fibi
915 2252 959 2299 ex
971 2252 1007 2298 ea
1018 2251 1053 2298 rc
1066 2225 1189 2299 auxilii
1207 2252 1264 2324 pa·

161 2352 168 2365 *
223 2347 330 2409 raret,
355 2343 551 2397 convocato
568 2321 728 2419 populo,
752 2322 919 2397 concione
936 2322 1078 2409 habita,
1102 2323 1278 2398 cohorta·'
1302 2368 1306 2381 ·

225 2444 283 2497 tur
300 2446 445 2507 omnes,
469 2437 509 2489 ut
535 2439 646 2514 portae
661 2419 872 2516 aperirentur
892 2445 901 2491 ι
927 2419 960 2493 se
979 2420 1014 2493 in
1033 2419 1179 2503 Caesaris
1196 2422 1265 2496 cle·

178 2539 202 2615 7
226 2520 350 2592 mentia
367 2539 524 2614 magnam
539 2514 631 2609 spem
654 2517 784 2590 habere.
809 2517 928 2615 Itaque
942 2517 1050 2614 portis
1064 2515 1264 2614 patefadbis‚

224 2617 330 2691 Utica
344 2613 493 2712 egressus
512 2669 523 2703 ,
547 2612 673 2685 Caesatl
691 2615 892 2712 Imperatori
915 2615 1054 2687 obviam
1071 2613 1264 2709 proficisci·

136 2733 141 2738 ’
223 2733 292 2787 tur.
320 2709 501 2794 Messalla,
529 2731 569 2782 ut
584 2730 654 2783 erat
672 2711 897 2809 imperatum,
924 2711 1065 2793 Uticam
1081 2714 1267 2812 pervenit,

223 2806 454 2904 omnibusque
471 2806 579 2903 portis
592 2807 760 2880 custodias
775 2808 885 2904 ponit.

180 2935 195 2982 t
269 2905 400 2979 LXX
412 2906 448 2978 Χ·
462 2906 474 2977 l
486 2907 534 2981 X.
562 2903 679 2978 Caesar
692 2903 829 2978 interim
847 2905 866 2979 al
883 2906 1027 3006 Thapso
1042 2907 1269 3004 progressus,

225 3000 389 3087 Uscetam
407 3002 588 3102 pervenit,
612 3001 674 3075 ubi
689 3002 806 3101 Scipio
826 3026 996 3105 magnum
1012 3000 1175 3077 frumenti
1193 3028 1265 3079 nu.

1098 3122 1264 3194 merum,

212 3223 215 3228 ¹
256 3241 281 3277 1.
298 3233 324 3275 In
334 3228 392 3292 fuga
407 3223 550 3284 destinaram]
568 3225 722 3273 MS.N0rvr't.
753 3224 798 3275 bus
816 3230 893 3275 occulte
918 3238 1007 3273 msam
1031 3234 1120 3270 terrent.
1145 3221 1212 3270 Vide
1235 3226 1261 3275 ὰ

221 3306 279 3343 cum
295 3294 370 3344 editis
378 3301 444 3358 Rom.
464 3296 515 3336 Vm·
531 3288 630 3338 Beroald.
646 3292 668 3335 in
680 3289 722 3349 fu·
754 3305 809 3342 not.
827 3293 860 3353 ad
875 3289 1003 3343 lib-rur.
1021 3293 1048 3338 B.
1060 3291 1091 3336 G.
1110 3302 1165 3352 cap.
1184 3303 1260 3340 rut.

217 3375 271 3422 gam
285 3361 428 3419 destinatum
445 3354 492 3403 hac
509 3367 592 3402 autern
609 3353 721 3404 lestione
754 3363 849 3408 Davies.

179 3466 189 3490 „
220 3425 286 3474 nihil
302 3425 337 3474 est
352 3440 430 3488 opus,
447 3434 502 3468 ctam
511 3419 555 3468 ista
564 3418 723 3485 praepositio,
789 3440 814 3473 2.
830 3425 879 3485 Qu·
893 3424 945 3472 dun
962 3423 1036 3470 anima
1052 3421 1146 3467 nondum
1163 3420 1262 3487 exspiro·

220 3489 470 3540 motumdenotans‚
488 3483 572 3534 casum
581 3484 722 3535 ablativum
755 3504 780 3537 ra
794 3489 936 3550 concidisset]
953 3487 1063 3554 Qtidam
1081 3488 1168 3551 legunt
1187 3518 1195 3542 ,
1213 3500 1261 3532 m
1299 3488 1303 3495 '

221 3553 360 3621 aliquando
374 3551 427 3616 post
443 3547 468 3597 sc
485 3552 597 3616 recipiat.
633 3549 724 3599 Noster
756 3555 838 3603 anima.
865 3554 911 3604 Sed
927 3553 998 3620 supra
1015 3567 1069 3618 cap.
1086 3567 1142 3600 tat.
1167 3549 1261 3599 eodem

221 3636 278 3673 cnm
292 3618 355 3668 alibi
370 3617 460 3666 hocin
478 3613 544 3665 libro
562 3653 570 3676 ,
593 3629 648 3665 tum
667 3630 721 3680 cap.
756 3617 836 3667 niodo
852 3621 901 3670 hac
918 3621 1043 3688 particula
1058 3616 1092 3667 est
1103 3613 1158 3666 usus
1176 3633 1185 3672 ς
1204 3628 1260 3665 cum

106 3720 110 3727 -
167 3738 172 3745 ,
220 3700 280 3738 txx.
307 3689 333 3730 ln
348 3681 431 3733 castris
451 3704 512 3719 --·
527 3686 641 3731 incolumes
657 3683 721 3727 redu·
756 3683 848 3734 dixit:
875 3689 971 3751 quue
989 3687 1058 3747 Caefitr
1078 3686 1130 3730 dum
1144 3685 1261 3729 exercitu

219 3757 261 3801 air.
297 3753 412 3814 cyprianus
430 3746 462 3799 de
485 3746 551 3799 ador.
577 3753 640 3798 van.
665 3761 720 3822 cap.
758 3748 1170 3817 rerunexnamansrirnescaepiffee
1184 3746 1261 3805 Ciue-

112 3848 120 3857 ·
221 3830 261 3877 tr,
274 3833 299 3878 4·
332 3822 451 3884 inrepentes
469 3817 537 3886 eriam
557 3813 587 3873 in
609 3824 723 3882 eorpori-
755 3829 816 3888 con,
1011 3823 1016 3828 ·
1161 3816 1163 3820 '
1251 3838 1255 3845 ·
