2616 4462
201 206 276 352 658
424 253 718 328 llaethtu
755 254 1062 329 Conona-s.

158 398 175 446 t
251 376 356 449 XLI.
374 375 442 447 His
457 375 689 474 rebusgestis‚
714 375 855 473 postero
872 376 925 448 die
935 373 1050 449 Cacsar
1062 395 1106 447 ex
1123 371 1243 445 omni-

202 471 267 546 bus
282 472 443 571 praestdiis
458 475 616 545 cohortes
632 475 801 564 deducit,
825 496 929 571 atque
948 497 1068 547 omnes
1087 469 1159 542 suas
1178 495 1241 543 co-

163 642 166 647 .
200 571 276 665 pias'
298 574 333 643 in
351 597 472 667 campo
488 570 652 642 instruxit
670 596 683 642 :2
706 572 823 668 Scipio
846 629 857 661 ,
882 571 948 643 suis
963 570 1050 643 male
1066 568 1240 664 acceptis,

199 669 318 741 occisas
334 667 607 765 vulneratisque,
634 667 720 740 intra
736 668 808 742 suas
826 671 1005 742 continere
1021 668 1054 739 se
1069 664 1240 739 munitio·

59 827 62 841 ,
106 769 110 778 “
127 822 130 827 -
152 792 178 842 2
202 789 260 838 nes
276 768 396 862 coepit.
420 766 536 838 Caesar
551 764 793 839 instruclaacie
809 767 997 840 secundum
1013 764 1148 837 infimas
1160 762 1242 862 jugi

201 864 328 936 radices
343 864 483 960 propius
493 864 702 936 munitiones
716 863 837 936 leniter
852 863 993 937 acceslit.
1016 867 1161 960 Jamque
1174 885 1241 933 mr·

201 985 266 1033 nus
281 989 317 1028 oo
346 963 500 1057 palliaum
517 961 560 1033 ab
577 962 707 1058 oppido
725 958 859 1051 Uzita,
885 962 979 1060 quod
997 961 1115 1059 Scipio
1140 979 1240 1031 tene·
1274 989 1278 999 ·

156 1113 157 1116 ,
200 1057 279 1146 bas,
304 1059 442 1131 aberant
460 1059 611 1157 legiones
629 1060 795 1153 Julianae5
820 1084 930 1156 quum
950 1058 1068 1156 Scipio
1085 1056 1239 1147 veritus,

199 1179 244 1226 ne
257 1156 424 1252 oppidum
440 1163 627 1238 amitteret,
650 1159 741 1230 unde
750 1157 885 1253 aquari,
910 1156 1117 1255 reliquisque
1134 1153 1240 1226 rebus

197 1251 368 1325 sublevari
384 1254 457 1352 ejus
474 1255 644 1328 exercitus
659 1255 903 1346 consueverat,
924 1253 1057 1329 eductis
1072 1250 1240 1325 omnibus

200 1351 335 1439 copiis,
361 1353 577 1449 quadruplici
598 1353 670 1425 acie
694 1351 859 1425 instructa
880 1409 891 1442 ,
914 1378 958 1427 ex
973 1351 1131 1425 instituto
1149 1349 1238 1440 suo,

200 1449 310 1542 prima
326 1448 475 1546 equestri
494 1452 671 1524 turmatim
688 1449 833 1536 direcla,
858 1449 1115 1547 elephantisque
1131 1447 1238 1520 turri·

201 1544 244 1615 tis
279 1544 512 1641 interpositis,
544 1548 747 1647 armatisque
775 1548 944 1646 suppetias
969 1548 1017 1621 ire
1038 1545 1237 1620 contendit.

152 1659 177 1737 3
202 1640 310 1737 Quod
326 1643 386 1715 ubi
404 1644 519 1717 Caesar
536 1645 794 1732 animadvertit,
817 1645 998 1721 arbitratus
1013 1645 1236 1742 Scipionem,

199 1743 241 1811 ad
257 1740 489 1814 dimicandum
508 1765 663 1842 paratum
675 1745 716 1817 ad
732 1743 765 1817 se
776 1744 997 1817 certoanimo
1012 1744 1148 1830 venire,
1166 1756 1179 1789 ¹
1198 1739 1237 1812 in

197 1861 242 1909 eo
257 1837 365 1928 loco,
390 1864 462 1936 quo
480 1841 596 1938 paullo
618 1863 698 1916 ante
715 1842 986 1916 commemoravi
1000 1899 1023 1937 ‚⁸
1035 1863 1112 1913 ante
1130 1838 1237 1937 oppi-

198 1934 284 2008 dum
302 1936 455 2010 constitit
474 1995 484 2028 ,
509 1940 673 2038 suamque
687 1941 795 2012 aciem
815 1940 961 2014 mediam
977 1965 1019 2013 eo
1034 1936 1165 2036 oppido
1183 1956 1237 2011 te-

195 2032 262 2108 xit.
280 2034 456 2108 Dextrum
472 2035 713 2130 finistrumque
722 2056 854 2129 cornu,
870 2037 931 2110 ubi
940 2036 1114 2134 elephanti
1125 2056 1236 2120 erant,

197 2129 233 2202 in
253 2131 439 2228 conspectu
455 2134 585 2230 patenti
600 2133 870 2208 adversariorum
883 2134 1073 2209 constituit.
1251 2205 1254 2212 .

35 2259 39 2269 ·
151 2241 169 2288 ¹
245 2229 355 2302 XLI
366 2231 394 2302 l.
420 2230 543 2327 Quum
556 2233 624 2331 jam
641 2257 748 2331 prope
766 2232 856 2308 Solis
868 2231 1024 2306 occasum
1040 2229 1157 2306 Caesar
1173 2253 1237 2303 ex-

46 2328 48 2332 '
195 2325 429 2423 speslaviss'et‚
453 2353 564 2427 neque
578 2354 622 2405 ex
636 2356 678 2403 eo
694 2331 774 2405 loco
792 2389 803 2422 ,
826 2342 898 2429 quo
914 2329 1135 2420 constiterat,
1158 2328 1234 2403 Sci·

194 2424 337 2520 pionem
353 2428 515 2522 progredi
531 2427 673 2526 propius
689 2427 722 2501 se
740 2427 1027 2500 animadvertisset
1046 2484 1057 2516 ,
1081 2426 1233 2526 locoque

193 2521 303 2620 magis
320 2521 351 2594 se
367 2523 553 2600 defendere
571 2583 582 2615 ‚
607 2525 629 2596 fi
650 2550 701 2599 res
715 2524 906 2623 co'e'gill'et,
932 2549 1035 2620 quam
1054 2524 1090 2597 in
1108 2549 1233 2619 campo

193 2618 354 2692 cominus
370 2621 550 2695 consistere
565 2623 690 2696 audere
709 2651 720 2712 3
748 2621 884 2696 nonest
901 2620 969 2695 visa
985 2624 1071 2697 ratio
1088 2622 1234 2719 propius

144 2722 172 2773 ²
193 2717 377 2792 accedendi
394 2744 436 2794 eo
452 2720 558 2793 dicad
574 2720 762 2819 oppidum3
785 2716 950 2818 quoniam
967 2721 1016 2794 ibi
1033 2719 1231 2820 praesidium

194 2815 322 2914 grande
344 2818 583 2893 Numidarum
596 2816 663 2891 else
687 2837 928 2915 cognoverat,
954 2818 1134 2915 hostesque
1158 2838 1231 2883 me-

60 2940 67 2988 .·
146 2910 170 2993 3
193 2913 283 2986 diam
299 2916 405 2990 aciem
424 2916 515 2991 suam
527 2916 658 3013 oppido
674 2913 815 3003 texisse3
840 2913 972 3014 fibique
982 2915 1120 2990 difficile
1134 2905 1229 2980 utto

190 3012 259 3087 ell'e
277 3011 473 3104 intellexit,
496 3014 598 3088 stmul
614 3014 651 3088 ὃ(
668 3013 839 3114 oppidum
855 3036 928 3088 uno
946 3033 1101 3110 tempore
1104 3029 1232 3202 gopaqq

1131 3128 1153 3174 n
1220 3159 1233 3196 9

224 3294 250 3331 ῐ.
271 3286 299 3330 ln
316 3297 338 3328 eo
354 3283 414 3335 loeo,
429 3295 471 3344 quo
479 3280 553 3343 paullo
569 3291 620 3327 ante
635 3297 692 3326 eam·
727 3286 762 3332 Sc,
777 3275 804 3341 '1,
816 3295 856 3337 35.
871 3279 943 3328 Men.
962 3273 1022 3323 Scire
1036 3275 1073 3320 hoc
1088 3275 1146 3320 vis?
1164 3268 1230 3321 Chr.

186 3345 329 3408 ¹ueteranorum]
345 3346 426 3395 Editt.
442 3351 510 3410 Rom.
529 3349 578 3392 Vm.
592 3349 691 3399 fierualti,
727 3355 765 3398 hac
780 3346 854 3407 cauffo
867 3361 878 3389 e
893 3343 980 3398 aidan,
997 3353 1048 3406 qua
1064 3339 1110 3386 dixi
1124 3340 1170 3387 ribi.
1190 3342 1231 3384 Vi-

188 3410 286 3463 ltabent
301 3417 325 3460 in
340 3430 362 3458 eo
381 3414 423 3458 loco
441 3445 449 3467 ,
474 3427 536 3474 quem
551 3414 625 3472 paullo
642 3428 693 3462 ante
726 3418 815 3464 rruvius
827 3359 925 3459 AtcSit.
936 3406 981 3457 lib.
994 3422 1033 3455 11.
1043 3420 1098 3471 cap.
1112 3421 1134 3456 1.
1152 3407 1230 3468 Spatia

188 3480 373 3533 commemoravi,
389 3489 442 3539 quae
457 3477 535 3526 1εᾶἰο
550 3476 608 3527 οῆὶ
624 3480 691 3528 Scio·
726 3487 781 3529 inter
795 3495 829 3526 eu
846 3476 935 3533 relisae,
954 3486 1051 3540 quanto
1063 3474 1165 3519 arborum
1181 3474 1231 3519 lon·-

190 3544 241 3601 lie,
259 3545 328 3592 Hirtii
341 3555 448 3589 manum
457 3555 553 3591 temere
570 3548 692 3595 mutanti·
721 3546 830 3610 grandines
839 3544 961 3605 pariuntur.
979 3537 1229 3589 taamtsusdemort.

187 3608 237 3657 bus
247 3626 255 3665 3
273 3621 344 3656 more
362 3606 431 3656 enim
446 3608 691 3659 Graecohiclocutus
726 3610 819 3662 Perseo.
837 3621 893 3673 cap.
911 3624 968 3667 xiv,
985 3624 1009 3665 7.
1029 3609 1122 3654 allectis
1137 3623 1164 3651 ex
1174 3618 1229 3668 pro-

190 3671 229 3721 est
242 3671 324 3721 nollet
339 3687 369 3722 ac
379 3671 447 3723 infra
461 3690 515 3740 cap.
528 3691 601 3727 txrx.
618 3677 656 3726 sic
666 3679 692 3727 &
725 3683 801 3736 ximo,
818 3676 921 3743 quantis
926 3680 996 3741 potuit
1006 3711 1014 3733 ,
1025 3675 1136 3722 militibus.
1154 3670 1229 3720 Adde

188 3737 319 3788 intirdum
334 3738 475 3805 praeliantes
486 3743 578 3808 lingua
597 3744 693 3792 Latinae
725 3759 779 3811 quae
801 3741 947 3793 notavimus
966 3741 1011 3793 lib.
1034 3754 1089 3791 ιιι.
1114 3738 1147 3798 de
1161 3739 1232 3812 fleu,

189 3804 315 3863 austeres.
333 3810 590 3869 Terentiutfleautoat.
600 3810 691 3887 Aska·
727 3813 786 3871 Ciu.
802 3823 948 3885 caputio
979 3816 1076 3885 Danaes,
