2616 4462
285 281 347 334 uu
368 259 527 332 Buuno
550 258 821 338 Arnronuo.
969 304 972 310 ·
1012 270 1090 365 731'

56 383 166 459 ciunt.
189 379 501 478 Qrofadlobestiae
510 379 652 455 stridore
666 380 851 456 fundarum
868 379 1091 483 lapidumque
1114 396 1141 487 3

46 480 226 557 deterritae
251 478 318 553 sese
335 500 563 570 convertere,
597 479 634 553 &
650 479 727 554 suos
751 478 828 578 post
845 478 877 552 se
893 480 1091 579 frequentes
1126 534 1129 541 ·

58 579 263 678 stipatusque
272 595 465 675 proterere,
490 577 569 651 &in
580 597 693 676 portas
703 578 784 651 valli
799 576 984 651 semifadlas
992 602 1092 653 ruere

56 678 283 751 contendunt.
309 675 397 754 Item
413 673 532 747 Mauri
544 673 696 773 equites,
719 675 824 772 quiin
837 675 959 750 eodem
975 699 1086 749 cornu
1112 700 1139 778 4
1183 749 1185 753 ,

56 799 136 848 cum
154 772 342 871 elephantis
358 794 476 857 erant,
499 772 655 869 praesrdio
673 773 794 847 deserti
810 772 979 871 principes
995 771 1091 870 fugi·

54 893 134 944 unt.
168 871 222 943 lta
237 870 391 945 celeriter
412 868 526 943 bestiis
540 869 718 954 circuitis,
744 869 896 969 legiones
912 869 1004 943 vallo
1023 871 1099 944 ho·

55 967 161 1042 stium
178 967 255 1040 sunt
272 968 409 1066 potitae:
436 968 473 1040 ὃ(
487 967 600 1063 paucis
615 968 735 1041 acriter
752 966 1023 1068 repugnantibus
1037 967 1093 1039 in-

57 1063 230 1157 terfeelis,
254 1063 379 1162 reliqui
389 1063 548 1138 concitati
563 1065 599 1137 iu
614 1065 739 1158 castra,
762 1067 855 1139 unde
872 1064 981 1163 pridie
995 1085 1092 1139 etant

57 1160 177 1265 egreffi
189 1219 209 1251 ‚,
222 1161 448 1261 confugiunt.
465 1184 468 1194 ·
1043 1214 1045 1220 -

106 1256 327 1334 LXXXlV.
351 1260 440 1332 Non
457 1259 596 1334 videtur
611 1259 677 1335 esse
693 1256 1029 1359 praetermittendum
1048 1257 1091 1334 de
1119 1289 1136 1338 1

57 1356 188 1430 virtute
205 1356 322 1430 militis
338 1359 491 1431 veterani
507 1383 528 1433 v
545 1357 710 1458 legionis:
736 1384 814 1443 nam
835 1381 946 1456 quum
964 1359 999 1430 in
1013 1356 1092 1430 fini·

60 1455 130 1527 stro
145 1479 254 1528 cornu
269 1455 469 1554 elephantus
485 1456 628 1530 vulnere
644 1456 734 1529 illus
749 1459 786 1531 bt
802 1456 925 1531 dolore
939 1455 1092 1528 eoncita-

60 1573 115 1625 tus
133 1552 169 1624 in
189 1552 293 1626 lixam
316 1553 481 1627 inermem
496 1553 665 1650 impetum
681 1552 835 1643 fecisset,
858 1577 1009 1653 eumque
1026 1552 1092 1626 sub

26 1697 31 1705 ·
60 1650 146 1746 pede
166 1648 370 1734 subditum,
406 1647 529 1722 deinde
552 1671 647 1746 genu
670 1649 808 1723 innixus
830 1651 982 1747 pondere
1005 1650 1092 1740 suo,
1141 1672 1147 1683 ⁴

45 1763 73 1802 -1
93 1745 294 1844 proboscide
302 1744 415 1820 crena
430 1745 663 1842 vibrantique,
691 1746 834 1819 stridore
850 1747 1000 1819 maximo
1015 1772 1094 1843 pre·

61 1863 171 1917 meret
188 1864 290 1941 atque
304 1862 484 1929 enecaret3
507 1841 604 1914 miles
620 1844 761 1916 hicnon
777 1842 892 1938 potuit
901 1843 990 1942 pati,
1004 1844 1107 1940 quin.

61 1939 94 2011 se
112 1962 280 2014 armatum
295 1939 415 2014 bestiae
426 1937 585 2014 offerret:
612 1964 715 2038 quem
730 1941 910 2040 postquam
925 1939 1090 2038 elephan-
1114 1960 1139 2011 2
1191 2024 1194 2035 Ι

61 2055 118 2111 tus
136 2037 226 2111 adse
243 2038 314 2110 telo
330 2036 453 2110 infesto
477 2037 592 2111 venite
608 2039 870 2128 animadvertit,
894 2037 1017 2111 relielo
1036 2061 1090 2108 ca-

60 2134 185 2209 davere
202 2135 347 2210 militem
361 2133 562 2233 proboscide
577 2137 765 2209 circumdat
783 2193 794 2227 ,
816 2156 920 2232 atque
935 2135 970 2208 in
986 2133 1090 2207 subli-

61 2256 119 2306 me
135 2232 276 2307 extollit
291 2253 471 2308 armatum.
492 2233 566 2329 Qui
581 2236 617 2305 in
628 2232 795 2330 ejusmodi
810 2232 968 2331 periculo
978 2257 1088 2330 quum
1115 2259 1138 2342 3

61 2331 256 2403 constanter
264 2332 438 2431 agendum
455 2328 516 2402 fibi
526 2330 679 2421 videret,
700 2331 816 2430 gladio
832 2329 1103 2427 proboscidem*

63 2450 135 2522 quo
153 2448 223 2501 erat
240 2429 489 2511 circumdatus,
513 2428 643 2500 caedere
661 2484 672 2517 ‚
695 2448 863 2527 quantum
881 2429 1011 2501 viribus
1028 2455 1092 2524 po·

63 2543 170 2615 terat,
196 2550 266 2596 non
285 2525 430 2598 destitit:
455 2549 527 2623 quo
546 2524 667 2598 dolore
690 2525 858 2600 adduetus
871 2526 1092 2625 elephantus,

61 2620 172 2694 milite
186 2620 337 2717 abjedlo,
354 2622 595 2696 maximocum
612 2621 754 2699 stridore
763 2622 933 2722 cursuque
946 2648 1094 2697 conver·

62 2717 117 2791 sus
133 2719 173 2790 ad
191 2718 336 2810 reliquas
349 2717 470 2791 bestias
488 2719 520 2792 se
534 2719 673 2818 recepit.
1004 2740 1007 2746 '

111 2814 313 2889 LXXXV.
339 2814 480 2888 Interim
504 2817 645 2915 Thapso
661 2816 720 2927 qui
736 2837 832 2890 erant
846 2816 1025 2914 praelibo,
1049 2841 1093 2890 ex
1120 2841 1136 2890 1

62 2913 195 3013 oppido
213 2911 431 3007 eruptionem
452 2935 549 3008 porta
572 2912 739 3012 maritima
754 2912 908 3004 faciunt3
932 2916 997 3004 &,
1022 2914 1093 2990 sive

63 3030 105 3084 ut
122 3010 188 3085 suis
213 3007 362 3082 sublidio
385 3031 606 3083 occurrerent
622 3035 634 3099 3
657 3008 728 3085 five
747 3031 812 3096 ut,
837 3011 966 3109 oppido
981 3012 1094 3087 deser·

65 3126 128 3199 to,
150 3109 234 3206 fuga
262 3106 405 3180 salutem
423 3105 485 3179 fibi
511 3128 696 3203 pararent,
719 3107 968 3225 egrediuntur,
991 3130 1095 3207 atque

64 3206 109 3277 ita
125 3229 184 3304 per
197 3229 288 3280 mare
312 3223 327 3257 2
346 3201 502 3279 umbilici
511 3201 752 3303 fineingrelh‚
774 3225 898 3280 tetram
912 3205 1093 3319 petebant3

1002 3323 1013 3356 1

110 3414 134 3448 1.
159 3400 279 3460 Proloscidc
303 3402 373 3449 arella
405 3401 566 3467 vibrantique]
596 3401 715 3451 nonnulli
732 3398 791 3462 libri
804 3331 1096 3467 proboscidmexhibiirlli

66 3469 122 3517 MS.
145 3469 235 3514 Norvic.
259 3461 335 3514 habet
347 3468 481 3530 promuscide
498 3470 566 3516 arella
597 3467 656 3518 dum
671 3469 699 3516 in
717 3467 774 3515 aliis
791 3484 868 3519 manu
885 3474 995 3521 exaratis
1010 3469 1095 3522 Codd.

67 3533 230 3592 vibrarimque3
245 3527 278 3578 fic
292 3533 318 3580 δι
334 3530 435 3595 polleat,
451 3529 494 3581 ubi
510 3547 565 3584 ma·
591 3535 709 3600 promuscis
716 3534 823 3598 legatur.
856 3541 951 3588 Daoies.

67 3614 114 3649 nus
131 3594 261 3662 elephanti
277 3596 396 3663 invulgg.
407 3610 565 3665 toeatutpro-
629 3617 653 3650 2.
670 3601 773 3647 umbilici
784 3601 831 3662 fine
846 3605 950 3667 ingreffi]
968 3604 1006 3653 Sic
1020 3605 1097 3650 saltu.

67 3667 147 3727 boscis,
164 3663 185 3710 is
194 3657 284 3709 Codex
289 3665 441 3723 promulodem
449 3665 565 3716 constan·
593 3666 649 3728 stiur
663 3664 724 3715 trist.
733 3663 779 3715 lib.
792 3685 845 3720 111.
856 3675 909 3717 Fine
924 3674 1042 3733 inguinum.
1053 3670 1098 3716 vi·

67 3743 106 3779 tet
120 3723 286 3804 repraesentat.
304 3728 430 3776 itaetiam
442 3730 507 3794 apud
518 3736 566 3780 Pli·
597 3731 628 3782 de
645 3747 698 3798 quat
714 3732 741 3782 in
758 3747 814 3783 eum
830 3733 922 3804 scripsi.
946 3738 1044 3786 Faernus
1060 3735 1100 3786 le·

66 3801 128 3855 mara
142 3791 205 3856 hist.
224 3795 290 3859 NatQ
304 3788 563 3868 librittraeapvu·
597 3799 636 3869 git
653 3813 723 3874 nnat.
743 3802 745 3807 ’
755 3800 879 3870 §latente
