2616 4462
238 277 301 333 ort
324 251 490 330 aeneo
513 251 681 333 Crvrur
704 254 808 331 Lrt.
830 256 881 336 ΙΙ.1
1019 264 1095 372 483

55 375 163 476 louge
170 369 311 470 lateque
325 369 352 442 is
360 367 459 443 locus
467 369 652 469 restagnat:
669 394 772 468 quem
791 369 815 443 li
831 373 907 469 quis
915 375 1022 452 vitare
1032 406 1096 454 vo-

62 475 243 560 luerit,v1
259 466 411 541 millium
429 468 575 543 circuitu
592 467 626 541 in
642 469 811 566 oppidum
828 476 1013 567 perveniet.

101 568 232 648 XXV.
257 564 532 664 Hocexplorato
548 565 647 657 loco,
672 566 786 640 Curio
802 567 906 640 castra
919 572 1001 644 Vari
1014 599 1096 649 con·
1124 612 1142 663 1

56 670 176 769 spicit,
199 690 304 740 muro
316 662 711 762 oppidoqueconjunila
726 666 767 737 ad
776 686 909 763 portam
922 722 933 759 ,
948 694 1097 778 quaeap-

54 768 206 868 pellatur
221 761 379 852 Bellica,
405 762 592 836 admodum
614 762 747 835 munita
765 782 886 836 natura
906 767 973 839 loci
996 793 1004 839 :
1032 793 1099 843 una

53 890 98 941 ex
114 884 216 964 parte
231 859 304 959 ipso
327 859 457 958 oppido
476 860 581 933 Utica
598 915 608 946 ,
632 859 736 933 altera
752 860 885 934 theatro
902 918 915 953 ‚
938 866 1034 961 quod
1049 865 1099 939 est

55 981 138 1038 ante
154 959 346 1058 oppidum,
373 955 684 1031 rnbstruelionibus
700 957 772 1055 ejus
789 960 901 1056 operis
919 964 1099 1056 maximis,

54 1061 156 1135 aditu
170 1060 214 1129 ad
234 1053 336 1130 castra
357 1053 541 1128 difficili&
559 1053 715 1155 angusto,
742 1053 843 1129 simul
858 1058 1099 1135 animadvertit
1123 1082 1150 1140 2

56 1156 174 1232 multa
188 1154 341 1251 undique
352 1153 486 1321 portari
501 1173 605 1250 atque
615 1152 669 1251 agi
689 1152 887 1250 pleniffimis
904 1156 995 1248 viis,
1019 1183 1100 1256 quae
1220 1208 1223 1213 -

58 1250 231 1352 repentini
248 1271 351 1325 tumu
367 1270 422 1341 tus
439 1249 564 1324 timore
579 1274 624 1322 ex
639 1250 727 1348 agris
748 1252 784 1322 in
801 1250 923 1325 urbem
944 1256 1101 1330 confere-

60 1349 197 1425 bantur.
215 1348 337 1423 Huce
364 1347 511 1422 uitatum
522 1347 650 1436 mittit,
677 1368 716 1421 ut
726 1347 904 1447 diriperet,
929 1372 1032 1450 atque
1044 1354 1102 1427 ha·
1128 1373 1151 1458 3

59 1447 158 1523 beret
171 1447 251 1522 loco
266 1373 408 1544 praeiae.
440 1445 646 1542 Eodemque
663 1463 817 1542 tempore
837 1447 887 1519 his
903 1447 1004 1523 rebus
1021 1451 1102 1525 sub.

60 1544 146 1619 sidio
161 1569 212 1619 nc
227 1543 363 1643 equites
382 1542 553 1615 Numidae
570 1565 613 1615 ex
638 1543 795 1640 oppido,
822 1545 1022 1645 peditesque
1042 1574 1103 1622 co

59 1644 252 1719 mittuntur
266 1641 287 1714 a
301 1641 419 1732 Varo,
444 1664 532 1737 quos
546 1638 664 1712 auxilii
680 1641 788 1712 caulla
803 1664 865 1714 rex
881 1643 969 1736 Juba
987 1650 1103 1743 paucis

59 1741 185 1815 diebus
200 1758 277 1813 ante
291 1738 434 1813 Uticam
452 1738 595 1811 miserat.
620 1737 772 1812 Huic&
791 1759 969 1834 paternum
989 1745 1100 1839 hospi·
1125 1771 1152 1853 4

62 1839 244 1912 tiumcum
258 1836 447 1933 Pumprjn,
470 1836 507 1909 ὃ(
525 1832 677 1908 simultas
686 1860 766 1908 cum
785 1837 940 1917 Curione
957 1840 1101 1914 interce-

62 1933 217 2024 debant3
239 1932 335 2032 quod
350 1931 510 2006 tribunus
527 1932 574 2029 pl.
590 1933 702 2031 legem
719 1935 1017 2033 promulgaverat,
1035 1963 1102 2035 qua

61 2031 142 2133 lege
156 2053 309 2132 regnum
325 2030 423 2125 Jubae
439 2029 684 2129 publicaverat.
720 2030 949 2107 Concurrunt
971 2038 1104 2133 equites
1128 2055 1153 2135 5

61 2128 219 2218 interse,
235 2150 350 2227 neque
365 2152 449 2202 vero
459 2127 610 2226 primum
620 2129 789 2224 impeturn
810 2130 1006 2208 noluorum
1019 2132 1103 2208 Nu·

62 2226 167 2303 midae
182 2225 493 2325 ferrepotuerunt3
510 2225 565 2298 sed
576 2283 587 2317 ‚
598 2225 786 2299 interfeclis
803 2228 936 2301 circiter
952 2255 1034 2317 cxx,
1051 2257 1102 2305 rc·
1189 2240 1191 2245 ’

61 2324 153 2427 liqui
169 2325 201 2399 se
216 2325 254 2399 in
268 2323 375 2399 castra
389 2323 432 2397 ad
451 2323 621 2422 oppidum
642 2346 858 2421 receperunt.
883 2327 1026 2401 Interim
1046 2330 1104 2403 ad·
1128 2322 1155 2406 6

62 2442 179 2497 ventu
190 2422 250 2497 lon
276 2446 376 2496 atum
402 2420 542 2494 navium
570 2420 684 2494 Curio
706 2423 925 2515 pronunciari
943 2429 1105 2503 onerariis

63 2517 214 2594 navibus
225 2446 348 2619 iniret,
372 2542 452 2616 quae
468 2517 598 2592 stabant
616 2520 659 2592 ad
676 2519 816 2594 Uticam
840 2529 986 2598 numero
1005 2524 1106 2598 circi·

62 2638 215 2701 terne,
242 2621 276 2712 st
292 2623 326 2687 in
342 2617 473 2714 hostium
489 2614 665 2688 habiturum
686 2621 769 2702 loco,
792 2627 847 2715 qui
859 2648 919 2690 non
939 2621 955 2692 ὶ
973 2621 1101 2720 vestigio

61 2717 105 2788 ad
120 2714 221 2814 castra
238 2714 413 2785 Corneliana
437 2717 508 2783 vela
524 2713 686 2807 direxisset.
720 2714 802 2805 Qua
821 2718 1106 2814 pronunciatione
1131 2746 1155 2828 7

61 2812 172 2905 fasta,
197 2811 365 2910 temporis
380 2810 535 2908 poncio,
560 2810 701 2885 sublatis
719 2813 895 2905 anchoris,
919 2815 1107 2890 omnesU·
1173 2900 1178 2907 1

63 2911 166 2985 ticam
184 2909 407 3008 relinquunt,
431 2910 490 2999 δε,
514 2933 586 3006 quo
600 2911 805 3008 imperatum
821 2911 889 2996 est,
916 2911 1105 2993 transeunt.

66 3006 158 3105 Quae
178 3031 231 3082 res
247 3004 407 3082 omnium
424 3031 539 3079 rerum
557 3008 655 3105 copia
670 3007 861 3103 complevit
874 3009 1083 3083 exercitum.

111 3100 259 3185 XXVI.
285 3104 355 3205 His
371 3103 475 3181 rebus
487 3103 615 3207 gestis,
640 3104 753 3178 Curio
768 3105 800 3177 se
820 3105 855 3176 in
871 3105 974 3177 castra
991 3108 1031 3180 ad
1042 3111 1106 3182 Ba·
1134 3128 1152 3183 1

69 3192 203 3298 g'mdam
220 3205 373 3304 recepit,
396 3224 500 3302 atque
515 3203 666 3278 universi
680 3201 850 3275 exercitus
866 3204 1109 3281 conclamatio·

70 3322 116 3372 ne
129 3300 322 3403 Imperator
339 3302 543 3401 appellatur.
580 3300 723 3374 Postero
741 3299 795 3372 die
820 3302 960 3375 Uticam
977 3307 1108 3379 exerci-

68 3414 150 3471 tum
164 3400 278 3492 ducit,
302 3402 340 3475 &
359 3426 469 3499 prope
487 3399 657 3499 oppidum
676 3397 780 3471 castra
794 3401 905 3496 ponit.
932 3400 1107 3478 Nondum
1133 3421 1160 3477 2

62 3517 178 3595 opere
192 3500 376 3575 castrorum
387 3497 564 3600 perfeclo5
579 3496 712 3598 equites
722 3521 766 3571 ex
779 3496 922 3574 statione
931 3502 1110 3593 nunciant,
1188 3590 1191 3595 ,

987 3617 1111 3699 magna

63 3756 179 3838 referat:
198 3755 237 3825 fi,
260 3756 574 3834 reponasponsle‚sensus
610 3759 734 3834 remeius
752 3760 796 3816 alil
815 3793 823 3824 ,
848 3774 902 3818 nou
918 3771 978 3834 ego·
1011 3758 1046 3821 Dr
1059 3753 1111 3824 Vll*

62 3839 115 3887 eut
132 3829 213 3908 ‚⁰¹qu
225 3830 431 3905 thrsptobrut
447 3834 575 3906 coujsliu·
606 3835 663 3907 Μ
778 3893 862 3953 HM
