2616 4462
288 277 349 329 nt
381 255 542 329 Bruto
571 252 844 328 Arnrcruo'.
911 330 925 351 ..
1023 278 1094 355 721

63 381 114 458 les
129 393 336 480 praecurrere
354 433 364 466 ,
388 377 649 479 coronaeqnetin
667 379 811 453 modurn
825 376 963 474 cingere
978 379 1098 453 multi-

31 516 33 520 ·
61 480 183 552 tudine
192 478 254 550 -sua
272 475 414 549 Caesaris
432 477 571 572 copias,
596 499 671 572 pars
687 499 809 575 agmen
835 495 1028 547 extremum
1046 477 1097 546 in·

62 575 175 674 sequi:
193 573 339 646 Caesaris
352 593 465 644 autem
476 597 547 644 non
562 573 708 668 amplius
723 596 791 648 tres
803 593 861 645 aut
871 590 1019 668 quatuor
1033 571 1095 643 mi·
1122 589 1145 672 3

64 672 139 765 lites
155 670 329 758 veterani,
352 667 378 741 fi
394 667 426 741 se
442 671 707 759 convertissent,
731 672 768 744 ὃ(
786 668 854 770 pila
870 668 1000 741 viribus
1015 693 1099 753 cone

62 790 150 842 torta
165 769 200 839 in
214 766 387 840 Numidas
403 763 541 839 infestos
550 767 786 865 conjeciffent,
804 765 952 863 amplius
969 790 1007 838 ιι
1021 765 1100 837 mil·

61 866 149 946 lium
166 889 311 936 numero
326 863 366 934 ad
379 887 487 936 unum
498 882 593 960 terga
609 864 812 952 vertebant3
835 860 873 935 n'e
889 861 1004 937 rursus
1014 864 1054 935 ad
1065 887 1101 934 n-

59 963 150 1036 ciem
167 958 301 1058 pallini,
325 959 498 1032 'converfis
511 961 628 1129 eguit,
645 959 679 1035 se
694 960 925 1061 colligebant,
948 962 1132 1058 atquem·

61 1058 170 1156 spatio
186 1056 481 1155 consequebantur
500 1113 511 1147 ‚
585 1058 695 1154 jacula
711 1060 746 1131 in
763 1058 971 1159 legionarios
991 1058 1101 1156 conji-
1148 1102 1151 1107 -

62 1155 209 1228 ciebant.
235 1153 430 1244 ItaCaesar‚
447 1154 554 1227 modo
562 1155 784 1249 ¹procedendo
793 1203 809 1238 ‚‚
823 1155 928 1229 modo
944 1154 1097 1229 refisten·
1123 1178 1148 1256 4

63 1254 133 1341 do,
158 1251 286 1325 tardius
294 1251 412 1324 itinere
427 1249 608 1341 confedto,
633 1250 744 1326 noetis
760 1254 842 1327 hora
858 1251 965 1349 prima
980 1277 1100 1325 omnes

62 1349 142 1422 suos
156 1349 197 1420 ad
216 1373 326 1421 unum
347 1364 359 1399 ¹
379 1346 415 1421 in
432 1346 548 1421 castris
564 1349 753 1423 incolumes
773 1408 784 1438 ‚
807 1349 924 1422 sauciis
939 1373 962 1420 x
982 1348 1098 1434 fanis,
1119 1386 1122 1391 ·

67 1446 215 1519 reduxit.
241 1445 436 1535 Labienus,
454 1444 667 1520 circiterccc
684 1446 824 1536 amiffis,
847 1446 965 1519 multis
978 1446 1099 1520 vulne·
1125 1465 1149 1542 5

66 1546 168 1631 ratis,
189 1567 227 1615 ac
242 1541 371 1616 defeffis
387 1542 544 1615 instando
553 1544 734 1634 omnibus,
760 1546 801 1616 ad
818 1542 893 1616 suos
910 1542 942 1616 se
956 1543 1109 1641 recepitr

64 1641 327 1734 Scipiointerirn
339 1639 683 1738 legionesproduclas
698 1640 995 1736 cum-elephantis,
1010 1665 1098 1738 quos
1124 1639 1149 1712 6

63 1761 142 1811 ante
158 1735 259 1809 castra
275 1738 310 1810 in
326 1738 416 1825 acie,
440 1735 579 1808 terroris
593 1737 722 1834 gratia,
740 1737 775 1810 in
789 1733 1100 1832 conspeerucaesa-
1228 1732 1232 1743 ’

56 1837 109 1908 -ris
125 1833 371 1920 collocaverat,
395 1831 527 1905 reducit
542 1831 578 1905 in
595 1833 710 1905 castra.

113 1930 257 2004 LXXI.
282 1929 530 2002 Caesarcontra
549 1927 715 2027 ejusmodi
734 1927 883 2004 hostiurn
900 1947 1025 2032 genera
1042 1957 1100 2005 co·
1129 1956 1146 2002 1

63 2028 134 2126 pias
151 2028 247 2116 suas,
261 2047 381 2099 nonut
397 2025 785 2123 imperatorexercitum
801 2049 1023 2118 veteranum,
1049 2031 1102 2103 vi-

62 2125 268 2222 ctoremque
284 2123 437 2196 maximis
446 2123 545 2196 rebus
553 2125 679 2223 gestis',
697 2146 710 2178 ²
729 2126 783 2199 sed
798 2144 838 2198 ut
847 2126 965 2199 lanista
973 2127 1102 2203 tirones

65 2219 554 2321 gladiatorcscondocefacer'e:
574 2246 645 2319 quo
655 2223 740 2318 pede
749 2221 780 2296 se
791 2223 1101 2322 reciperentabho-
1127 2241 1151 2292 2

62 2321 135 2407 ste,
159 2318 642 2415 &quemadmodumobversr
652 2317 867 2411 adversariis,
891 2321 980 2399 &in
1014 2346 1102 2395 uan-

65 2417 143 2487 tulo
157 2415 264 2511 spatio
280 2415 487 2509 resisterent,
513 2415 619 2488 modo
636 2438 899 2512 procurrerent,
924 2440 958 2491 m
1008 2446 1030 2493 ο
1050 2444 1103 2495 re·

64 2511 248 2598 cederent3
272 2513 635 2611 comminarenturque
649 2513 838 2609 impeturn,
861 2539 899 2589 ac
909 2516 1016 2615 prope
1030 2542 1104 2614 quo

65 2609 146 2681 loco
165 2659 176 2692 ,
202 2626 212 2664 ⁵
234 2610 580 2705 &quemadmodum
602 2610 668 2684 tele
686 2612 863 2685 mitterent
882 2669 892 2700 ,
919 2614 1101 2711 praecipit:

59 2703 213 2778 mirifice
230 2704 320 2775 enim
335 2705 493 2780 -hostium
521 2708 605 2780 levis
621 2729 789 2781 armatura
807 2708 951 2782 anxium
974 2711 1102 2786 exerci-
1129 2722 1151 2803 3

69 2822 145 2876 tum
163 2799 319 2876 nostrum
336 2821 439 2900 atque
455 2803 641 2888 sollicitum
659 2805 829 2881 habebat:
854 2805 935 2904 quia
953 2804 989 2880 bt
1005 2806 1110 2903 equi,

986 2945 989 2949 >
1055 2924 1107 2978 tes

99 3041 122 3075 t.
139 3033 165 3074 In
179 3024 251 3086 cestrie
269 3025 452 3071 ineolumes—
467 3023 569 3085 reduxit]
599 3020 654 3074 bat.
680 3021 744 3074 Vide
762 3023 821 3085 Just.
842 3024 937 3090 Lipssum
953 3021 1000 3073 lib.
1018 3038 1040 3073 1.
1062 3029 1106 3073 Sa·

66 3093 127 3141 Non
144 3089 238 3142 necess'e
254 3088 288 3141 est
304 3101 330 3138 ut
346 3102 402 3138 cunr
419 3093 465 3138 Per.
487 3093 569 3136 ciacco-
600 3103 668 3139 turn.
686 3105 741 3156 cap.
758 3106 800 3142 xv.
818 3088 861 3140 ubi
878 3085 932 3140 fuse
948 3089 980 3139 de
997 3087 1105 3143 lanistis.

66 3161 100 3205 nio
117 3159 231 3223 legamus
240 3163 262 3205 in
272 3157 358 3218 eastra,
374 3168 435 3203 nam
452 3155 569 3220 haecptae-
603 3161 682 3204 eram.
705 3152 709 3158 ’

66 3221 158 3286 posttio'
176 3258 183 3279 ,
199 3227 277 3273 etiam
299 3237 356 3272 cum
372 3234 471 3270 motum
489 3220 569 3269 detto·
637 3237 660 3279 3.
679 3226 710 3269 Et
722 3221 904 3285 quemadmodum
918 3223 962 3270 tela
977 3224 1105 3278 mitterent,

65 3301 123 3344 tet,
140 3285 253 3339 ablativo
271 3289 399 3355 jungitur,
417 3299 443 3336 ut
457 3290 524 3336 inter
540 3300 568 3335 a·
599 3290 708 3351 precipit]
724 3285 804 3335 Editt.
814 3292 881 3352 Rem
899 3288 1106 3352 Ven.pucepit‚iu

59 3356 116 3402 lios
134 3351 239 3404 ostendit
256 3361 285 3406 G.
308 3358 333 3416 J.
355 3353 434 3416 Voffius
451 3353 481 3403 de
498 3357 569 3403 Con·
603 3357 657 3402 MS.
685 3363 770 3402 entem
792 3356 883 3402 Norve'e.
902 3352 937 3404 est
955 3357 1105 3418 preciperenr,

66 3416 149 3468 sttnst.
161 3433 215 3482 cap.
228 3436 283 3471 ur.
318 3424 414 3469 nevies.
604 3417 669 3468 unde
680 3415 858 3534 sproculdubio
883 3418 1018 3486 legendum
1030 3431 1106 3481 pmi-

102 3503 125 3533 2.
152 3487 195 3529 Sed
208 3500 233 3530 ur
250 3486 327 3545 lanista
343 3490 421 3534 tirones
436 3488 570 3552 gladiatores
598 3499 664 3550 pere,
692 3499 753 3550 upra
772 3485 842 3534 enim
858 3484 923 3536 dixit
940 3500 965 3534 ur
980 3484 1058 3543 lanista
1075 3488 1106 3531 ri-

66 3550 239 3611 eendocefaeere]
267 3554 312 3602 nit
328 3555 406 3599 tirones
419 3555 568 3616 gladiatores,
600 3570 661 3600 renes
675 3554 807 3615 gladiatores
817 3550 1032 3606 condocefacere,
1048 3564 1107 3601 cum

66 3616 128 3679 quia
145 3616 172 3662 in
192 3613 252 3663 ludo
270 3630 362 3680 genera
379 3616 430 3667 duo
448 3655 456 3677 ‚
481 3623 569 3667 Tirones
600 3632 652 3684 quo
668 3618 710 3668 hic
728 3619 798 3667 locus
807 3620 930 3683 componi
939 3634 991 3667 non
1007 3614 1105 3681 potest,

63 3680 234 3752 fivenovitit,
252 3684 391 3732 &Veterem
412 3685 569 3735 Hinobilio-
600 3683 646 3734 nist
675 3681 820 3749 subjiciatur
846 3684 938 3741 modus
956 3679 1107 3750 intumus,

67 3762 123 3806 rer,
142 3750 168 3797 δι
186 3748 228 3794 utu
244 3747 325 3812 longo
339 3745 430 3799 edodti.
451 3749 492 3802 Ad
508 3753 570 3802 illos
601 3755 698 3803 Darios.

64 3826 126 3896 tute
143 3816 169 3868 δι
185 3811 308 3871 institutio
321 3813 441 3884 precipue
458 3818 569 3886 pertiue-
730 3887 752 3934 Ζ

64 3898 67 3903 ·
96 3928 103 3937 „
587 3901 592 3913 ·
762 3895 779 3931 z
