2616 4462
215 281 219 290 ’
256 322 320 377 na
343 300 502 375 Burro
525 299 909 374 alexanarino..
1036 280 1113 408 6i9
1148 301 1158 321 '

76 438 173 520 perat
188 441 330 520 pontem
346 417 504 492 adversus
515 417 648 492 hostem
664 419 876 516 ptaevallari,
892 419 951 509 δε,
974 442 1043 516 qua
1052 447 1115 496 ex·

39 530 41 537 '
78 523 146 592 itus
161 519 306 593 navibus
320 539 417 602 erat,
440 516 571 590 fornice
586 516 762 591 exstrusto
782 574 793 605 ,
816 541 890 615 quo
911 541 998 613 pons
1015 517 1113 590 susti·
1132 503 1144 553 l

78 617 245 712 uebatur,
269 615 437 712 lapidibus
452 612 586 710 oppleti
602 634 705 710 atque
721 614 874 686 obstrui:
900 638 1050 713 quorum
1062 615 1109 687 al·
1133 632 1163 718 5⁴

76 732 151 786 tero
165 737 269 810 opere
280 710 423 797 effecto,
449 711 544 783 nulla
558 712 702 783 omnino
721 711 839 810 scapb'a
853 712 969 810 egredi
981 711 1114 808 poffet3

73 811 182 884 altero
199 809 379 898 instituto,
403 833 521 882 omnes
536 808 848 895 Alexandrinorum
865 808 975 906 copiae
989 833 1031 880 ex
1048 835 1113 906 op·
1140 804 1146 871 ἶ

75 909 159 1007 pido
172 908 205 981 se
213 908 361 1004 ejecere,
386 908 422 980 bt
438 928 556 978 contra
569 907 781 980 munitiones
796 905 911 1004 pontis
925 904 1044 978 latiore
1056 907 1112 984 lo-

75 1030 119 1078 co
135 1005 362 1079 constiterunt
381 1029 392 1091 3
414 1006 605 1100 eodemque
621 1025 776 1100 tempore
794 1060 804 1095 ,
828 1024 908 1101 quae
924 1001 1112 1078 consueve-

74 1123 152 1175 rant
162 1102 296 1200 navigia
312 1125 373 1198 per
386 1122 507 1198 pontes
515 1103 557 1174 ad
569 1101 723 1174 incendia
732 1101 961 1174 onerariarum
975 1101 1111 1173 emitte-

75 1224 137 1291 re,
160 1200 200 1271 ad
216 1200 343 1272 molem
360 1199 623 1287 constituerunt.
647 1198 873 1297 Pugnabatur
887 1197 912 1269 al·
926 1197 1048 1271 nostris
1065 1223 1109 1277 ott
1133 1211 1158 1286 ’6

74 1318 203 1394 ponte,
219 1321 263 1371 cx
275 1295 367 1371 mole
378 1354 388 1386 ‚
398 1296 441 1368 ab
457 1296 574 1369 illisex
589 1321 769 1396 area,quae
776 1318 846 1369 erat
853 1295 1012 1369 adversus
1022 1320 1109 1392 pon·

74 1413 168 1484 tem,
191 1397 287 1468 &ex
304 1394 447 1468 navibus
463 1417 583 1467 contra
597 1394 737 1467 molem.
868 1472 870 1476 ,

10 1554 22 1576 „
122 1494 213 1567 XX.
238 1494 279 1565 ln
289 1493 340 1565 his
356 1491 458 1564 rebus
472 1512 642 1590 occupato
651 1490 805 1577 Caesare,
820 1489 1014 1588 militesque
1029 1490 1110 1564 hor·
1138 1494 1154 1571 i

74 1609 187 1676 tante,
213 1589 383 1688 remigum
401 1611 545 1688 magnus
563 1614 745 1680 numerus,
761 1590 798 1661 δε
813 1586 1054 1663 classiariorum
1066 1613 1110 1662 cx

74 1687 190 1785 longis
206 1686 351 1760 navibus
368 1686 491 1759 nostris
506 1687 541 1757 in
559 1687 686 1759 molem
704 1685 736 1761 sc
752 1685 863 1783 ejecit.
888 1687 971 1759 Pars
985 1710 1107 1759 eorum
1132 1714 1157 1764 2

75 1784 191 1857 studio
214 1783 387 1881 speblandi
407 1782 605 1869 ferebatur3
631 1808 707 1880 pars
719 1783 821 1857 etiam
838 1783 1023 1880 cupiditate
1070 1808 1111 1856 u-

74 1880 216 1976 gnandi.
241 1881 293 1953 Hi
309 1880 460 1979 primum
478 1879 613 1981 navigia
628 1880 777 1954 hostium
795 1879 964 1976 lapidibus
977 1904 1016 1954 ac
1030 1809 1112 1954 sitn-
1134 1884 1155 1935 ψ’

75 1977 128 2050 dis
144 1977 163 2049 al
181 1978 273 2051 mole
285 1976 518 2076 repellebant3
540 2002 579 2050 ac
594 1977 745 2052 multum
762 1977 931 2075 proficere
949 1977 1110 2050 multitu-

74 2075 155 2147 dine
171 2075 320 2147 telorum
337 2074 562 2149 videbantur:
587 2074 643 2148 sed
661 2077 842 2174 postquam
853 2074 942 2148 ultra
958 2098 1038 2146 eum
1054 2074 1104 2146 lo·
1131 2093 1153 2175 3

74 2197 155 2245 cum
172 2171 215 2244 ab
239 2172 341 2247 latere
361 2196 482 2246 eorum
501 2194 618 2271 aperto
636 2173 706 2245 ausi
724 2173 803 2246 sunt¹
814 2171 935 2269 egredi
951 2195 994 2244 ex
1011 2171 1107 2244 navi·
1157 2210 1161 2225 ·

74 2268 140 2342 bus
155 2270 380 2345 Alexandrini
398 2270 519 2369 pauci,
544 2291 584 2343 ut
595 2270 776 2368 finefignis
793 2267 961 2366 certisque
977 2269 1108 2344 ordini-

74 2365 161 2456 bus,
184 2367 253 2440 srne
267 2368 397 2442 ratione
413 2367 626 2461 prodierant,
653 2366 698 2440 sac
714 2388 840 2439 temere
854 2365 889 2438 in
902 2390 1002 2439 naves
1016 2365 1108 2441 refu·

74 2486 156 2561 gere
175 2488 368 2564 coeperunt.
408 2465 573 2562 Quorum
595 2463 678 2564 fuga
695 2463 824 2537 incitati
849 2480 860 2515 ¹
880 2462 1107 2538 Alexandrini
1131 2476 1161 2565 4

73 2583 119 2634 ex
134 2561 571 2662 navibus‘egrediebantun
597 2562 798 2660 nostrosque
811 2562 1108 2660 acriusperturba-
1199 2580 1213 2588 ·

74 2678 130 2731 tos
146 2656 422 2754 insequebantur.
445 2659 626 2760 Simulqui
641 2661 675 2733 in
687 2660 831 2734 navibus
845 2661 959 2757 longis
975 2684 1109 2732 reman-

72 2754 206 2839 serant,
229 2755 328 2828 scalas
345 2781 481 2854 rapere,
504 2758 704 2857 navesquea
719 2778 808 2840 terra
823 2758 1009 2852 repellere,
1025 2781 1107 2853 pro-

73 2852 237 3022 perabant
247 2879 257 2940 3
274 2877 317 2924 ne
326 2853 438 2929 hostes
452 2856 595 2928 navibus
610 2858 818 2953 potirentur.
843 2855 984 2947 Quibus
994 2853 1106 2925 omni·
1132 2859 1161 2958 ς’

58 2963 61 2971 “
100 2974 137 3024 us
151 2951 257 3031 ¹rebus
280 2951 469 3047 perturbati
490 2952 614 3026 milites
636 2951 743 3027 nostri
759 2952 957 3025 cohortium
974 2950 1107 3034 trium,

74 3072 152 3144 quae
168 3051 202 3121 in
218 3070 347 3148 ponte,
371 3072 409 3121 ac
424 3047 533 3144 prima
547 3050 639 3122 mole
654 3049 895 3132 constiterant,
911 3072 1021 3144 quum
1032 3047 1109 3146 post
1205 3125 1207 3129 ,

71 3146 106 3220 se
118 3147 302 3222 clamorem
319 3146 541 3236 exaudirent,
562 3145 680 3245 sugam
697 3147 836 3220 suorum
846 3146 1022 3234 viderent,
1038 3170 1109 3220 ma·
1155 3154 1166 3198 ’ἵ

73 3266 175 3340 gnam
187 3245 257 3318 vim
273 3244 422 3344 telorum
432 3242 562 3317 adversa
571 3243 790 3328 sustinerent,
814 3244 916 3317 veriti
931 3269 972 3316 ne
987 3243 1029 3316 ab
1040 3263 1110 3318 ter-

73 3362 122 3438 go
141 3341 503 3426 circumvenirentur,
526 3343 564 3417 &
579 3342 720 3416 discessu
740 3342 879 3415 navium
895 3343 1039 3415 omnino
1056 3366 1112 3416 re-·

10 3520 11 3529 ἵ
72 3436 149 3509 ditu
166 3435 498 3544 intercluderentur,
521 3441 750 3516 munitionem
762 3442 797 3514 in
813 3460 956 3539 pontem
973 3439 1110 3532 institu-

1038 3561 1112 3611 tam

106 3659 129 3696 t.
156 3645 306 3694 ,Alexandrini
321 3665 347 3695 ex
371 3625 463 3699 navibr'ts
480 3652 573 3715 egredie-
602 3663 642 3698 tur
656 3666 666 3696 .·
681 3649 731 3699 illa
753 3647 824 3696 enim
836 3660 888 3698 vox
903 3649 975 3712 paucis
992 3644 1109 3695 Alexan-

70 3710 172 3773 ⁶mur-[l
189 3710 376 3778 Repontndum
392 3731 424 3781 egr
442 3721 496 3768 MS.
513 3724 571 3766 Nor·
603 3716 682 3766 drinio
695 3732 728 3782 op
746 3716 849 3775 coitur,
867 3714 912 3780 qui
927 3725 986 3764 ante
1003 3709 1113 3765 navibus

72 3793 116 3829 vac.
135 3793 163 3827 ac
189 3778 261 3828 editt.
271 3783 337 3844 Rom
348 3785 399 3832 Ven.
410 3785 508 3837 Beroasd.
528 3789 570 3831 Λ·
604 3780 660 3837 suut
669 3798 730 3853 egre
759 3818 767 3836 ·
801 3785 897 3832 flavin·

55 3844 570 3916 ,matrinzpluresmmmqudebu-
631 3846 636 3856 '
