2616 4462
300 316 304 323 '
356 295 621 371 Noututo
659 295 916 371 GALL1AE.
1087 282 1164 398 827

111 413 300 486 ‘xxvito
323 416 506 500 Bituricenfis.
538 415 660 480 Primus
675 415 862 500 Aquitaniae.
888 412 1058 479 Avaricum
1074 415 1164 480 Bitu-

171 509 268 590 rigum
285 503 456 567 Cuborum.
487 501 593 563 Prima
612 502 791 584 Aquitania.
817 507 939 581 Bourges.
972 501 1008 562 ln
1028 501 1162 564 Decreto

169 591 311 654 Gratiani
329 607 456 651 vocatur
470 586 674 655 patriarcha,
697 591 730 651 &
750 584 918 668 aliquando
934 584 1064 666 legimus
1081 585 1161 648 hunc

168 675 297 738 titulum
313 673 395 756 ipsos
413 672 611 734 Bituricenses
623 668 766 734 Praesules
783 672 930 753 usurpare.
953 668 1012 732 Sed
1030 669 1056 731 F
1058 669 1164 748 oroju-

168 759 266 821 liensts
277 759 447 840 Episcopus
462 757 525 839 ipse
542 776 662 839 quoque
673 776 801 818 vocatur
811 754 1000 819 Patriarcha.
1025 757 1061 816 ln
1077 773 1163 816 vetu-

169 843 300 907 stiffimis
310 843 484 907 Annalibus
499 840 525 904 F
528 842 657 906 tanciae:
678 843 810 904 Paulinus
818 839 984 903 s'atrrarcia
994 841 1163 925 Farojulien-

190 931 289 992 subiit.
651 978 652 981 ,

126 927 260 1077 Xiltx.
293 1008 465 1097 Turonenfis.
497 1010 606 1074 Tertia
624 1009 838 1095 Lugdunensis.
860 1007 957 1072 fourr.
979 1005 1161 1071 Caesarodu-

169 1119 241 1161 num
261 1099 432 1161 Turonum.
460 1095 497 1157 ln
515 1097 686 1161 Ptolemaeo
705 1096 789 1160 male
805 1093 998 1159 excusumest
1015 1091 1161 1174 terimur,

168 1204 226 1261 pto
243 1184 312 1247 τεὸ
312 1212 364 1242 aaaaa
896 1180 900 1188 ’

125 1268 241 1333 ΧΧΧ.
266 1213 456 1351 [fardunenfis.
479 1261 920 1348 LugdunumvSegufianorum.
950 1259 1056 1328 Prima
1076 1258 1159 1344 Lug-

166 1351 311 1416 dunensis.
334 1357 415 1415 Lien.
439 1348 544 1414 Hodie
560 1351 709 1434 primatus
725 1349 811 1413 Cleri
828 1349 992 1415 Gallicani.

124 1504 300 1580 Tribunal
318 1501 533 1578 Tolosanum
550 1498 790 1599 amplissimum
811 1498 1004 1572 institutum
1019 1497 1039 1571 a
1056 1507 1159 1601 Rege

173 1602 309 1676 Katolo
328 1601 412 1689 Vll,
424 1600 525 1697 habet
540 1599 603 1670 sub
618 1599 651 1672 se
666 1597 825 1670 dioeceses
842 1600 942 1668 unuln
952 1597 989 1669 ὅ(
999 1597 1158 1699 triginta,

171 1697 399 1798 Episcopatus
417 1697 451 1768 in
467 1700 518 1774 his
535 1719 675 1784 xxi‘tx,
693 1693 1014 1792 Archiep'iscopatus
1031 1717 1110 1773 tres.

274 1822 329 1889 Sub
352 1824 499 1906 Metropoli
515 1817 689 1908 Narbonenfi
703 1818 880 1909 Epfioparus
894 1843 1003 1883 novem.

123 1929 151 1991 I.
175 1928 373 2025 Nemausenpir.
387 1931 555 1994 Nemausus
565 1929 735 1992 Volcarum
749 1929 1016 1997 Arecomicorum.
1038 1930 1156 2017 Nismes.
1188 1973 1192 1981 ·

121 2015 168 2076 ΙΙ.
192 2016 348 2106 Ucetienfis.
369 2017 461 2100 Ufera.
486 2013 682 2080 Ucetenstum
699 2014 819 2090 civitas.

121 2099 187 2162 Ill.
211 2100 377 2175 lutevenfis.
402 2100 530 2165 Luteva.
553 2100 672 2163 Lodeve.

122 2184 184 2248 IV.
207 2191 300 2248 Sanslt
317 2191 409 2248 Pontii
426 2187 630 2250 Tumeriarum.
653 2187 746 2246 Saiirsi
762 2187 832 2246 Pone
849 2184 882 2246 de
897 2183 1043 2250 ffimieres.
1145 2222 1150 2231 ι

103 2267 164 2340 Υ.
189 2270 329 2355 Aletenfir
354 2274 428 2332 Aser.
451 2290 509 2352 pro
529 2288 590 2351 quo
610 2267 642 2330 in
658 2269 795 2333 Decreto
817 2273 850 2336 δι
870 2269 1085 2337 Decretalibus
1100 2274 1157 2338 ali-

158 2354 281 2496 puando
298 2375 459 2441 perperam
476 2353 594 2418 editum
609 2352 650 2439 est
667 2395 678 2427 ,
701 2354 877 2444 Arelatenfis.
901 2356 1010 2424 civitas
1027 2360 1157 2425 Aleten·

169 2459 242 2502 lum·
886 2463 888 2469 ’

121 2521 181 2586 vt.
209 2522 413 2606 Magalunenfis.
439 2524 610 2611 Mompelier.
633 2520 673 2586 ab
691 2523 785 2589 insula
804 2525 986 2610 Magalone,
1002 2528 1054 2594 ubi
1069 2529 1155 2615 prius

164 2604 223 2671 fuit
241 2609 322 2670 sedes
332 2610 544 2694 Episcopalis,
564 2611 596 2672 in
614 2609 726 2672 Volcis
743 2613 948 2676 Arecomicis.
1227 2608 1231 2624 '

118 2691 203 2754 Vll.
227 2688 392 2774 Butermfisl
415 2698 520 2771 uipera
545 2694 687 2767 Bitierae‚
708 2715 759 2759 aut
772 2695 883 2761 Biterae
899 2696 1154 2781 Septimanorum

161 2776 191 2837 in
210 2777 415 2841 Arecomicis.
434 2781 605 2846 Ptolemaeo
621 2779 747 2858 pusalpq.

118 2860 219 2924 VIII.
244 2861 409 2947 Agatheufit.
433 2866 519 2950 Agde.
542 2861 640 2938 domi
654 2862 732 2938 rixa·
754 2861 1019 2930 &Mallilienlibus
1036 2867 1153 2934 Graecis

158 2945 284 3010 condita
299 2947 330 3009 iu
352 2947 463 3013 Volcis
483 2946 688 3011 Arecomicis.

114 3033 186 3095 IX.
217 3031 434 3120 Carcapinenfit.
456 3036 631 3118 Carcaffono
645 3031 791 3097 Carcasso
808 2985 983 3101 Volcarum
1003 3037 1152 3105 Tedlosa·

157 3137 241 3200 gum.
430 3150 433 3156 ·

279 3201 335 3265 Sub
353 3203 501 3286 Metropoli
514 3198 678 3282 Bituricenfi
685 3202 861 3289 Episcopatus
867 3206 985 3288 fiprem.

114 3294 161 3358 X.
187 3297 368 3389 Mimetenfit.
392 3298 504 3363 Mende.
531 3299 631 3364 Vicus
647 3299 795 3363 Mimates
806 3300 1016 3382 Gabalorum,
1029 3307 1076 3370 vel
1088 3309 1151 3370 Ga·
1168 3339 1170 3343 ·

157 3376 384 3456 balitanorum‚
408 3384 511 3447 Mende
522 3386 731 3465 deGioauldanfl.
749 3385 832 3450 Nam
843 3387 994 3468 syllabam
1009 3393 1072 3454 (ΞΑ
1084 3392 1150 3476 pri·
1187 3439 1191 3446 ,
1215 3418 1218 3424 ’

154 3483 241 3524 mam
256 3465 287 3531 iu
303 3452 429 3534 vocilius
444 3469 530 3533 Galli
548 3487 671 3534 mutant
685 3469 715 3531 in
734 3471 779 3534 Gl
794 3515 804 3544 ,
827 3471 1048 3544 Gabalitaitum
1064 3521 1074 3549 ,
1094 3481 1150 3538 Gi·

158 3549 301 3642 oauldan:
323 3552 497 3628 Gabalum,
519 3555 815 3627 orben-Garumna,
840 3559 985 3623 Gironde:
1008 3583 1100 3645 quam
1116 3582 1149 3623 e·

154 3649 233 3694 tram
249 3633 425 3699 Gerutmam
438 3656 530 3702 vocat
553 3640 736 3705 Guilielmus
755 3641 844 3704 Brito
859 3643 889 3707 iu
905 3647 955 3710 sua
971 3645 1148 3731 Philippei·

153 3713 209 3778 de:
232 3715 344 3802 Qum
355 3720 413 3808 popl
426 3725 587 3805 retropluum
597 3728 694 3812 pelago
712 3729 845 3811 crescente
861 3733 1031 3797 Gerunnam.
1116 3799 1119 3803 ,
1184 3780 1188 3790 -

106 3800 176 3887 XI.
197 3803 347 3893 Cajirenpr.
369 3804 478 3890 Caslrer.
498 3807 825 3898 Episcopatusffnovus.

705 3896 788 4023 5}ssss
810 3916 839 3980 3·
1065 3904 1149 3977 Xll'.
