2616 4462
105 257 120 348 s
223 275 302 355 860
511 280 599 375 Joa.
621 240 811 358 sermo.
836 276 991 370 Enisa?

218 389 428 477 Episcopatus
447 390 599 458 Avenioni
614 393 808 478 suffragantes
828 416 836 457 ε
859 391 1127 476 Οιτροηιοτιᾶε,
1152 391 1258 460 Caba-

218 476 359 551 sionem,
382 477 558 542 Vasionem.
582 479 695 544 utalibi
712 479 895 544 notavimus.
917 480 1019 544 Totus
1031 479 1259 544 Comitatusii·

217 561 251 625 le
268 561 523 643 comprehendens
537 584 666 647 quatuor
683 564 751 627 illas
767 565 928 628 Dioeceses
943 565 1032 628 datus
1047 562 1107 628 fuit
1125 565 1257 629 Pontifi·
1287 598 1290 608 ·

217 646 248 708 ri
265 646 446 715 Romanoa
464 648 602 730 Johanna
619 650 740 732 Regina
750 649 921 733 Neapolis,
944 654 978 715 &
996 649 1255 714 ComitissaPro-

216 730 352 801 vinciae,
374 733 704 816 in-compensationem
721 734 831 797 tributi
850 735 942 822 Papa
959 754 1013 818 per
1028 732 1146 798 multos
1160 753 1255 798 annos

215 835 281 877 non
290 814 382 878 soluti
393 818 520 880 nomine
530 821 612 902 regni
631 818 854 902 Neapolitani,
875 817 957 899 cujus
973 816 1179 883 feudatarium
1187 818 1254 882 Do-

215 901 335 962 minum
350 898 428 964 dicit
444 903 473 964 se
489 901 586 986 Papa.
610 904 718 988 ltaque
733 902 801 966 Rex
820 903 957 967 Francia
976 902 1051 965 nihil
1066 902 1145 988 juris
1158 902 1255 966 habet

172 1013 177 1026 ·
216 983 354 1048 inillam
371 985 581 1050 Comitatum.
675 1025 679 1043 ι

260 1069 423 1154 Burgundiae
440 1075 602 1135 Comitatus.
633 1069 685 1135 Est
702 1067 826 1134 feudum
845 1071 973 1154 imperii
991 1069 1043 1134 sub
1060 1069 1255 1154 protectione

215 1151 410 1217 Bernenfium
421 1154 655 1220 Helvetiorum:
674 1155 933 1238 quemadmodum
943 1156 1113 1220 Dunketka
1128 1154 1169 1218 est
1182 1155 1256 1218 Bor·

216 1235 320 1302 boniae
337 1235 486 1313 familiar,
509 1240 639 1325 ideoque
660 1239 736 1323 regis
755 1237 904 1304 Francia.
947 1238 1006 1305 Sed
1022 1240 1140 1302 Comes
1159 1240 1256 1304 Fran·

216 1319 293 1386 driae
307 1321 349 1386 est
360 1323 512 1388 Dominus
524 1323 731 1397 feudatarius,
751 1322 791 1385 ad
805 1325 889 1408 cujus
903 1321 1100 1388 tribunalial
1115 1324 1256 1391 Dunker·

200 1405 264 1470 *kae
277 1405 380 1487 judice
397 1407 579 1490 appellatur.
873 1435 878 1442 ·

186 1535 189 1542 .
259 1491 394 1552 Clarolris
408 1492 448 1553 est
469 1492 552 1574 regis
566 1489 787 1573 Hispaniarum
802 1516 812 1563 3
835 1490 883 1556 sed
902 1512 953 1556 rex
972 1489 1114 1556 Francia
1131 1491 1172 1556 est
1190 1492 1256 1556 Do·

74 1625 77 1632 .
190 1598 194 1603 ·
215 1573 320 1669 minus
344 1571 543 1640 feudatarius.
597 1575 650 1643 Est
669 1574 792 1660 simplex
821 1573 972 1650 feudum,
1001 1596 1098 1660 neque
1124 1577 1255 1662 supremi

231 1678 303 1722 uns.

216 1677 228 1743 J
260 1741 481 1831 Armaniacenfir
504 1742 610 1829 (vulgo
626 1744 801 1830 Armagnac)
821 1743 1000 1808 Comitatus
1008 1743 1256 1812 continetDior·

217 1828 298 1891 ceses
312 1824 387 1891 duas
407 1828 488 1892 ultra
503 1830 695 1894 Garumnam
713 1872 724 1902 ,
746 1849 852 1912 nempe
870 1827 1141 1903 Lauoratensem,
1163 1833 1254 1916 vulgo

216 1917 380 1981 Lamnum,
402 1917 436 1978 δι
459 1914 642 1978 nascentem
669 1912 781 1996 (vulgo
797 1911 908 1992 Auris)
933 1912 1143 1996 Metropolim
1163 1918 1258 1980 totius

217 1995 516 2146 {olvepnpopulaniae
534 2041 546 2075 ,
566 1998 622 2064 sive
646 1997 819 2065 Vaseoniae.
860 1995 1030 2080 Subjicitur
1056 1997 1267 2066 Parlameuto'

252 2100 390 2145 ooano.
590 2100 593 2105 ⁴
1003 2146 1007 2150 .

258 2173 437 2252 Bigerronum
460 2167 639 2232 Comitatus
666 2167 714 2251 (le
736 2163 828 2229 Comri
843 2164 877 2228 dt
898 2166 1029 2248 Biterre)
1055 2166 1203 2232 continet
1227 2190 1259 2233 ιι·

178 2321 182 2327 ,
216 2271 291 2315 num
311 2249 536 2337 Episcopatum
566 2251 734 2325 Tarbam‚
755 2249 855 2314 sedern
890 2249 1111 2334 Episcopalem
1132 2274 1141 2314 a
1165 2253 1259 2338 vulgo

215 2335 309 2399 Tarba
332 2335 364 2397 de
386 2341 528 2421 Begotre,
556 2355 608 2402 aut
629 2341 762 2420 Bigorra,
792 2335 844 2397 sub
864 2335 1034 2419 metropoli
1060 2335 1260 2402 Auscens'in

198 2413 400 2566 *galsconim
422 2441 533 2506 nempe
556 2420 640 2486 ultra
661 2418 864 2486 Garumnam.
905 2419 958 2485 Est
983 2419 1037 2484 sub
1055 2419 1260 2487 Parlamento

251 2505 391 2566 oosano.
1094 2568 1105 2576 ,,

183 2594 185 2599 ’
258 2593 385 2652 Ducatus
403 2585 558 2662 Allelrett',
580 2607 614 2653 ut
631 2586 869 2674 supradiximus
888 2631 898 2662 ,
925 2586 1007 2673 quod
1020 2587 1059 2652 de
1078 2588 1261 2655 Constanti-

129 2703 132 2706 *
216 2674 326 2757 noposi
341 2671 420 2736 dixit
438 2672 675 2757 Hieronymus,
695 2694 764 2737 eam
779 2673 918 2754 nuditate
939 2673 1078 2737 omnium
1096 2675 1261 2739 civitatum

218 2758 422 2824 constructam
446 2755 558 2830 fuisie,
582 2758 626 2823 ita
644 2756 784 2822 nuditate
801 2758 1014 2858 proximarum
1038 2756 1263 2823 Senescballia·

217 2865 286 2909 rum
305 2840 492 2926 cornpofitus
506 2842 546 2909 est
557 2862 621 2907 tam
639 2845 739 2914 ultra,
760 2863 853 2927 quam
870 2844 950 2906 citra
968 2844 1175 2907 Garumnam.
1200 2845 1259 2906 Ca·

217 2949 273 3014 put
290 2931 330 2994 est
347 2930 514 2995 Neracum.
561 2929 663 2993 Totus
684 2912 824 2993 Ducatus
840 2927 880 2991 est
896 2925 949 2992 sub
965 2926 1168 3019 Parlamento
1187 2930 1261 2994 But·

93 3068 97 3074 .
218 3014 373 3099 digalenst.

255 3104 446 3164 Lemovicium
468 3095 617 3184 (Limofin)
639 3091 846 3160 Seneschallia
863 3092 1098 3178 comprehendit
1123 3094 1204 3160 duos
1219 3094 1259 3161 Ε·

218 3186 415 3270 piscopatus,
437 3183 613 3248 Ratiaslurn
633 3180 857 3252 Lemovicum,
880 3185 1019 3266 Limrges,
1041 3184 1076 3245 &
1090 3180 1260 3255 Tutelam,

185 3306 187 3310 .
217 3271 306 3336 Tulle.
328 3267 473 3351 subjacet
488 3268 686 3333 Parlamento
704 3264 919 3349 Burdigalens.

112 3301 122 3405 i
260 3358 449 3415 petrocorium
472 3349 981 3437 (Perignr)Seneschalliacontinet
996 3345 1261 3435 duosEpiscopa·

215 3456 265 3502 tus
275 3479 283 3507 ‚
294 3436 472 3499 Vesunnam
485 3437 762 3507 Petrocoriorurn,
779 3442 924 3522 Perigueut
935 3475 944 3506 ,
955 3435 988 3499 δι
998 3428 1170 3499 Satiatum.
1185 3433 1262 3501 Sub·

74 3564 75 3569 κ
217 3523 319 3588 'icitur
337 3521 536 3586 Parlamento
553 3518 771 3602 Burdigalenfi.

174 3547 225 3651 ‘J
258 3606 437 3694 Senefciasta
457 3606 618 3688 Agennenfis
637 3605 776 3683 continet
801 3601 879 3666 duos
901 3600 1130 3686 Episcopatus.
1153 3623 1264 3687 nempe

175 3741 177 3746 ι
215 3694 299 3760 citra
315 3693 504 3755 Garumnam
531 3692 689 3774 Aginnum
709 3686 925 3771 Nitiobrigum
951 3692 1079 3772 (Agin),
1100 3689 1186 3753 ultra
1204 3691 1265 3752 Ga·

125 3776 132 3789 '
219 3798 362 3849 tumnam
383 3773 598 3845 condomium
619 3816 630 3852 ‚
657 3771 740 3862 quod
757 3772 908 3862 peculiari
923 3773 1050 3840 nomine
1066 3773 1266 3925 dicitursVa·

870 3897 872 3901 ’
1064 3876 1070 3887 ’
1208 3878 1262 3926 CO!
