2616 4462
339 270 611 350 Norrrrn
653 274 921 357 Generis]
1077 284 1153 394 83²5

110 392 228 465 ‘sinibus
240 396 345 484 Regni
364 399 555 461 Francorum
573 395 819 470 continerentur,
846 421 879 464 ut
889 399 966 464 olim
981 395 1033 466 sub
1049 401 1155 470 Karo-

116 488 151 550 lo
167 489 300 570 Magno,
326 491 360 548 &
378 481 440 565 ejus
453 483 538 557 filio,
561 475 594 547 δὲ
611 483 785 565 nepotibus.
810 483 871 549 Sed
888 486 959 569 quia
976 488 1154 553 exilloam·

116 573 250 659 pliffimo
265 568 400 649 imperio
415 570 520 631 multae
539 567 712 632 Provinciae
724 569 868 634 detrasia
884 572 968 642 sunt,
991 572 1053 634 alia
1065 573 1154 637 nobis

114 655 247 734 tributio
273 653 468 716 instituenda.
508 652 618 717 Galliae
640 654 738 736 igitur
754 654 811 718 sive
829 656 970 720 Francia
986 657 1155 739 imperium
1202 674 1207 682 ·

112 743 187 806 osio
213 738 414 802 tribunalibus
434 758 642 820 temperatur,
665 758 731 822 quar
756 739 801 822 jus
827 741 960 805 reddunt
984 743 1156 826 provinciis

110 830 190 898 suis,
212 823 229 887 it
246 824 355 910 quibus
369 823 591 887 Tribunaiibus
604 826 791 907 provocatio
805 845 865 889 non
881 827 931 890 est.
957 831 1100 915 Qiorum
1119 831 1156 892 δε

115 910 255 991 majestas
269 909 467 992 augustissima
484 908 544 983 est,
568 913 602 973 &
618 908 782 974 auctoritas
799 911 999 977 sacrosandia.
1044 913 1157 977 Parla-

112 1016 220 1059 menta
234 996 321 1056 Galli
337 994 487 1058 idiomate
505 994 557 1057 suo
574 1011 699 1057 vocant.
729 987 805 1058 Non
823 996 978 1080 possumus
992 998 1156 1062 meliorem

114 1081 222 1144 nostrae
240 1081 421 1165 partitionis
438 1079 590 1154 rationem
609 1079 707 1153 inire,
732 1101 822 1164 quam
839 1081 859 1144 sr
875 1083 1155 1155 inodohatcPar-

112 1166 249 1229 lamenta
265 1187 359 1228 omne
376 1166 568 1229 Francorum
584 1185 712 1248 regnum
730 1165 890 1240 dividam,
914 1174 947 1232 δε
969 1189 1004 1230 ea
1021 1168 1052 1231 in
1070 1169 1154 1233 Pro-

112 1251 228 1315 vincias
245 1253 322 1315 suas.
343 1251 404 1315 Pei·
421 1250 599 1313 Provincias
614 1270 716 1314 autem
735 1272 795 1313 non
805 1295 815 1324 ,
837 1271 871 1315 ut
887 1250 981 1315 hodie
996 1249 1014 1314 d
1032 1252 1153 1337 regibus

109 1337 329 1411 instituuntur,
349 1337 421 1420 quia
433 1355 509 1419 quot
528 1354 632 1419 reges,
653 1355 703 1400 tot
721 1337 908 1400 mutationes
922 1337 1155 1422 provinciarum

114 1427 149 1485 δε
166 1423 313 1495 nomina,
333 1414 558 1504 aut‘regimina
580 1435 688 1483 eorum
706 1423 859 1485 oriuntur:
883 1420 944 1487 Sed
961 1441 1013 1505 per
1030 1421 1160 1501 dioecef

112 1509 157 1568 ses
180 1505 405 1571 Ecclesastic'as
431 1505 696 1589 &Episcopatus
720 1506 866 1589 procedet
896 1506 1005 1570 diviso
1028 1507 1155 1573 nostra:

112 1592 185 1675 quia
204 1593 264 1657 hoc
279 1591 374 1656 modo
390 1611 451 1653 non
468 1589 657 1653 discedemus
670 1590 796 1673 'aprisca
815 1591 950 1654 Romani
960 1593 1085 1675 imperii
1097 1597 1160 1662 nod,
1217 1600 1220 1605 ’

114 1678 199 1785 titia(
222 1676 317 1764 Quod
332 1677 352 1740 fi
367 1674 494 1760 qnidam
512 1673 585 1738 novi
601 1675 740 1757 episcopi
757 1675 887 1738 instituti
904 1679 991 1747 sunt,
1014 1696 1068 1741 aut
1081 1678 1157 1742 Me·

113 1762 291 1846 tropolitae,
315 1762 375 1825 hoc
393 1781 455 1822 non
473 1780 564 1823 nocet
580 1760 677 1822 veteri
696 1759 1067 1847 Romanadispositioni:
1082 1784 1156 1826 mo-

113 1844 156 1908 do
174 1847 290 1910 constet
312 1835 461 1910 unde'ilii
483 1840 675 1930 episcopatus
691 1842 808 1933 abscissi
825 1846 891 1910 sint.
932 1848 1017 1910 Nam
1034 1865 1156 1913 certum

114 1933 174 2006 est,
195 1954 288 2016 quum
307 1932 502 2016 episcopatus
518 1931 591 1993 novi
610 1930 824 2005 instituuntur,
846 1933 1156 1997 vereresminuitan·

113 2036 199 2090 tum,
222 2035 370 2102 quantum
388 2036 424 2079 ex
446 2015 510 2079 illis
532 2013 689 2079 abscissum
714 2016 745 2078 in
761 2036 873 2080 novam
897 2015 1059 2081 dioecesim
1078 2023 1159 2082 con-'

114 2101 222 2167 fertur.
247 2101 489 2166 vetustissimum
506 2101 600 2184 igitur
625 2101 777 2164 Tribunal
796 2100 961 2166 Parisrense
976 2103 1036 2176 est,
1058 2102 1155 2190 idque

115 2190 219 2273 primo
242 2190 366 2251 unicum
390 2187 420 2249 in
443 2206 538 2269 regno
551 2183 629 2263 suit,
651 2190 684 2252 &
704 2187 823 2272 reliqua
840 2183 880 2251 ad
896 2186 958 2271 ejus
976 2189 1156 2274 exemplum

115 2272 335 2359 posterioribus
351 2270 544 2358 temporibus
558 2270 706 2336 instituta.
1158 2290 1161 2295 ·

115 2423 190 2498 Sub
205 2423 382 2498 Parifiensi
403 2423 623 2515 Parlamento
646 2420 821 2520 Dioeceses
838 2425 916 2498 sunt
933 2448 1020 2497 xxx.
1048 2423 1084 2499 in
1101 2424 1157 2498 hia

210 2520 438 2614 Episcopatus
454 2546 539 2603 xxv,
557 2519 877 2618 Archiepiscopatus
893 2523 1062 2618 quinque.

228 2619 403 2705 Epfiopatur
420 2625 495 2696 osio,
508 2620 685 2706 fieffraganei
702 2620 829 2710 Remenfi
843 2620 1049 2709 Metropolitae,

478 2704 538 2788 five
557 2706 774 2793 Arcbiepr'scopo.
1094 2744 1097 2751 .

115 2789 143 2853 1.
167 2783 362 2865 Laudunenfis.
385 2787 457 2852 Dux
475 2795 508 2856 &
524 2795 583 2855 Par
597 2788 759 2865 Francia,
781 2790 859 2855 olim
871 2789 1057 2857 Laudunum
1074 2788 1158 2855 Cla-'r

159 2894 264 2938 vatum
282 2874 375 2956 vulgo
393 2879 480 2937 Lare.

115 2960 161 3023 II.
185 2953 400 3036 Catalaunenfis.
424 2958 540 3022 Comes
559 2960 668 3026 &Par
684 2958 835 3023 Franciae.
853 2959 984 3026 chaalon.

114 3045 179 3108 111.
201 3044 381 3128 Suesiinmss.
406 3043 497 3106 Olim
519 3041 860 3126 nugunasueffonum.
880 3045 999 3132 Soipjins.

116 3129 178 3193 IV.
202 3128 377 3208 Morinenfis.
399 3126 543 3192 Teroana
553 3130 761 3193 Morinorum.
772 3128 901 3194 Retinet
911 3127 1155 3214 nomen,quan2

154 3234 246 3296 quam
261 3214 361 3279 deleta
378 3211 396 3276 ὲ
413 3214 532 3278 Carolo
542 3214 586 3277 V.
602 3213 665 3297 ejus
679 3213 863 3297 episcopalis
879 3216 962 3280 sedes
978 3217 1159 3282 Bononiam

63 3299 67 3307 ’
157 3301 319 3366 transsata.
344 3299 399 3365 ubi
414 3300 454 3364 est
469 3299 577 3384 pavale
594 3299 744 3364 veteribus
760 3296 953 3366 Gessoriacus
971 3301 1098 3368 diuum.
1173 3345 1175 3352 ·

115 3381 162 3444 V.
186 3384 382 3471 Ambianenfis.
404 3380 625 3452 Samarobriva
645 3383 884 3450 Ambianorum.
902 3391 1028 3452 Amiens.

116 3469 182 3533 vi.
205 3471 435 3558 Noviomegenfis.
459 3473 624 3551 Comes&
641 3470 703 3534 Par
727 3469 754 3533 F
757 3469 889 3536 ranciae.
907 3478 1018 3537 Νοιόη.Υ
1032 3469 1160 3536 Novio·

155 3574 263 3637 magus
289 3557 502 3622 Vadicassrum
527 3557 711 3623 Ptolemaeo.
736 3550 847 3641 (vulgo
872 3556 1158 3624 Ecclesiastieorurn

158 3640 335 3807 Npsviopius
349 3641 462 3707 dicitur
482 3664 537 3730 per
554 3639 804 3728 compendium,·
816 3662 850 3709 ut
866 3643 985 3716 Treffes
1006 3661 1065 3729 pro
1081 3638 1163 3702 Tri·
1206 3664 1211 3676 ·

161 3747 198 3790 ca
224 3746 265 3788 es.
1131 3750 1133 3755 ·

117 3805 205 3892 vn.
226 3808 440 3902 Siluanenenfir.
461 3815 557 3883 Sensit.
578 3811 796 3980 Silvacnpsgiupu
1060 3881 1165 3956 vm,
