2616 4462
219 268 297 368 854
496 265 693 359 Josaam
727 256 997 338 Scuttesat

263 386 377 450 Neruii.
401 383 672 470 Quemadmodum
691 404 777 449 certo
791 383 881 446 nobis
896 384 1010 446 conllat
1027 404 1088 447 non
1104 383 1258 450 esleTorl

221 471 363 536 nacenses
382 515 392 542 ,
415 468 498 555 quod
522 472 614 554 vulgo
632 471 801 554 persuasum
822 469 863 531 est
880 493 889 539 3
914 470 957 532 ita
975 470 1099 551 quinam
1116 470 1199 545 fint,
1222 477 1257 539 δι

221 577 286 641 quo
302 557 428 618 nomine
443 556 532 618 hodie
548 556 759 639 appellentur,
783 553 863 617 haud
878 574 990 616 temere
1004 557 1195 620 affirmarim.

265 642 462 704 Nuutodunum
478 641 516 702 ad
528 634 684 724 Ligerim.
707 645 823 704 Ntbt'rs.
848 639 1069 702 Noviodunum
1088 643 1260 706 Nivernen·

219 722 319 798 sium,
343 745 375 791 ut
394 726 424 786 in
442 724 573 809 quadarn
595 725 718 787 Notitia
739 724 968 808 provinciarum
986 726 1094 788 Gallia
1111 728 1258 807 legimus,

208 830 290 894 =quae
309 829 398 892 penes
415 809 666 894 jurisconsultum
684 809 847 891 Cujacium
864 829 1009 892 magnum
1025 831 1099 873 erat.
1138 812 1178 874 Et
1194 811 1269 894 jam

220 896 327 960 multis
343 894 523 975 conjesluris
537 894 626 956 nobis
641 895 836 978 exploratum
852 914 940 957 antea
955 914 1020 958 erat
1036 896 1259 959 Noviodunum

178 1048 180 1051 v
220 978 301 1042 istud
313 979 406 1043 Eduis
419 979 594 1061 proximum
604 979 763 1042 ciuitatem
777 977 1004 1043 Nivernensrum
1022 1001 1030 1042 r
1051 980 1082 1042 in
1099 981 1185 1062 cujus
1202 1001 1258 1063 op-

218 1064 288 1148 pidi
304 1065 532 1147 investigatione
547 1064 639 1127 multi
655 1064 870 1147 multanugati
881 1065 958 1127 sunt.
999 1065 1071 1128 Alia
1088 1065 1152 1128 duo
1169 1067 1259 1149 oppi-

218 1148 262 1213 da
279 1150 338 1214 boc
354 1151 479 1212 nomine
489 1168 641 1215 memorat
659 1151 777 1222 Caesar,
799 1149 849 1212 sed
864 1147 951 1210 nobis
965 1148 1082 1231 ignota.
1104 1152 1189 1214 Nam
1207 1172 1258 1214 nu·

218 1235 381 1314 gatoribus
396 1234 564 1315 jurantibus
581 1255 642 1297 non
666 1231 826 1299 credimus.
858 1237 1011 1318 Qtartum
1031 1256 1175 1318 praeterea
1192 1234 1258 1309 est,

200 1320 305 1402 'quod
322 1320 438 1382 Civitas
455 1319 647 1402 Equestrium
664 1318 801 1387 dicitur,
825 1323 980 1382 &nomen
996 1321 1124 1386 retinet,
1149 1320 1257 1384 adLe·

220 1405 478 1466 manumlacum.
515 1400 640 1468 Dicitur
658 1404 740 1466 enirn
762 1407 847 1466 Nion.
879 1405 963 1466 Nam
979 1405 1068 1486 longe
1084 1403 1257 1478 falluntur,

245 1490 274 1552 ui
292 1491 446 1551 Genevam
458 1487 650 1571 Equestrium
670 1488 837 1552 Civitatem
846 1485 903 1551 esse
918 1488 1064 1563 credunt,
1085 1492 1158 1573 quia
1172 1512 1255 1574 quae·

218 1509 293 1635 lam
311 1593 398 1636 vetus
414 1573 576 1656 inscriptio
593 1571 791 1646 Genevenfis,
813 1593 845 1637 ut
862 1572 966 1655 ajunt,
987 1573 1048 1655 ejus
1064 1577 1257 1639 mentionem

218 1655 337 1720 iecerit.
361 1657 434 1721 Hoc
449 1656 545 1721 modo
560 1679 636 1744 quot
654 1658 829 1730 nominibus
842 1658 947 1721 Roma
962 1659 1102 1721 vo'canda
1115 1660 1204 1735 effer,
1228 1662 1258 1724 in

192 1762 282 1824 „qua
301 1760 351 1804 tot
367 1762 568 1807 monumenta
591 1750 624 1808 δε
643 1744 712 1807 saxa
730 1743 822 1807 bodie
835 1763 962 1816 extant,
984 1765 1050 1827 quae
1068 1764 1117 1807 tot
1134 1745 1258 1809 urbium

217 1827 408 1890 mentionem
418 1827 555 1890 lac'iunrl
579 1825 720 1914 Denique
735 1829 900 1892 Provincia
908 1826 1138 1912 Sequanorum,
1153 1831 1257 1915 inqua

217 1911 329 1974 civitas
345 1912 534 2002 Equestrium
550 1912 611 1988 est,
631 1913 672 1976 e'st
690 1913 721 1975 in
740 1912 851 1978 finistra
869 1914 934 1997 ripa
952 1914 1106 1978 Lemani:
1131 1918 1257 1981 Geneva

216 1996 251 2058 in
269 1996 396 2068 dextra,
420 1998 450 2059 in
467 1997 811 2062 ProuinciaViennensr.
832 1999 892 2071 Et,
908 1999 988 2082 quod
1002 2020 1094 2081 caput
1108 2000 1170 2074 est,
1188 2003 1256 2064 No·

216 2082 386 2148 viodununr
404 2082 514 2152 civitas
529 2083 708 2167 equestrium
729 2082 840 2147 dicitur
857 2085 887 2145 in
904 2086 1112 2165 manuscripta
1130 2087 1258 2167 provin-

215 2167 338 2229 ciarum
357 2167 500 2230 Notitia:
521 2188 705 2252 quamquam
714 2166 760 2230 ibi
774 2167 903 2252 positum
920 2169 959 2230 cll
979 2168 1161 2242 Nevidnn0,
1179 2192 1258 2254 quo·

214 2250 316 2316 modo
333 2251 363 2314 in
380 2253 496 2323 ultimis
512 2253 575 2318 illis
592 2253 806 2319 obsolescentis
824 2253 1004 2316 Latinitatis
1020 2256 1216 2338 temporibus
1224 2279 1259 2319 0-

216 2337 301 2408 ¹mnia
317 2337 347 2398 in
368 2337 451 2421 pejus
467 2359 503 2401 ac
519 2358 602 2402 retro
617 2324 814 2415 ferebainut,
835 2343 870 2409 &-
885 2357 918 2403 ut
931 2338 1054 2427 imperii
1072 2380 1081 2411 ‚
1103 2340 1148 2404 ita
1166 2341 1260 2407 Lati·

213 2421 252 2490 ni
267 2423 416 2495 sermonis
431 2423 517 2493 ruina
533 2423 723 2514 sequebatur.

216 2573 418 2695 PEtrotort't'.
442 2585 478 2634 Le
490 2587 559 2660 pays
572 2571 604 2636 de
622 2571 762 2656 Perigrrd.
786 2572 903 2638 Eorum
920 2573 1030 2636 civitas
1046 2573 1143 2638 divisa
1160 2577 1204 2640 est
1225 2578 1256 2642 in

270 2655 332 2721 duo
347 2656 489 2741 oppida,
508 2678 595 2721 vetus
613 2662 646 2723 δε
663 2677 785 2720 novum.
805 2659 905 2722 Vetus
921 2657 1020 2722 adbuc
1035 2659 1150 2724 dicitur
1161 2665 1258 2727 Vesu-

208 2762 255 2813 nta
272 2744 366 2805 veteri
382 2740 601 2826 appellatione.
625 2741 711 2806 Vide
729 2744 845 2807 sextum
862 2744 931 2808 libr.
949 2745 986 2806 de
999 2745 1117 2807 emend.
1137 2748 1256 2832 Temp.

258 2833 386 2890 Pisltnrs.
410 2839 446 2888 Le
459 2839 527 2911 pays
544 2828 576 2892 dt
594 2834 698 2891 Poitru.
722 2825 800 2891 Sunt
816 2828 906 2891 hodie
922 2830 952 2891 in
971 2849 1029 2892 tres
1047 2830 1257 2916 Episcopatus

212 2910 352 2986 tributi,
374 2911 621 2987 Pislaviensem,
642 2913 862 2997 Maliacensem
882 2918 914 2978 &
933 2913 1166 2984 Luxoviensern.
1201 2919 1253 2985 Pi-

213 2994 386 3067 uariorum
402 2997 513 3070 civitas
529 2997 609 3068 olim
626 2997 857 3081 Augustoritum
874 2998 964 3069 diua.
1200 3024 1210 3069 r

212 3147 393 3275 REalonts.
416 3147 563 3229 l‘Evtfcle'
577 3151 610 3214 de
629 3154 717 3216 Remi
732 3173 763 3213 en
780 3153 921 3229 Brutianae.

313 3232 451 3295 Rudanas.
476 3232 512 3302 In
532 3237 703 3302 universum
719 3233 819 3299 Gallis
834 3234 948 3298 dicitur
964 3236 987 3296 le
1005 3233 1091 3307 Rasna
1110 3257 1117 3296 a
1139 3235 1191 3298 sed
1210 3238 1255 3300 in·

212 3308 335 3396 digenis
351 3320 375 3378 ln
391 3320 455 3380 Ros.
479 3317 606 3405 Excipit
623 3322 765 3391 Isaram,
788 3319 999 3389 Druentiam,
1022 3319 1164 3382 Drunam
1188 3367 1198 3395 ,
1221 3328 1253 3392 &

212 3401 340 3478 Ararim
360 3423 421 3466 non
441 3404 593 3470 minorem
609 3427 666 3477 eo,
685 3425 847 3488 antequam
865 3406 895 3467 in
910 3405 1000 3468 illurn
1021 3426 1210 3469 exoneretur.

204 3541 207 3545 .
259 3486 370 3552 Ruteni.
393 3500 429 3551 Le
442 3502 510 3572 pays
522 3490 771 3575 w·Seraesclaatt‚tp'r
785 3492 817 3556 de
835 3488 947 3573 Reduxi.
979 3489 1095 3557 Eorum
1113 3492 1185 3555 urbs
1200 3489 1254 3558 Se·

211 3569 327 3638 dunum
343 3572 546 3643 Rutenorum.
831 3589 836 3611 ¹

203 3724 208 3730 ·
260 3693 333 3756 Aba.
358 3702 398 3751 La
414 3687 528 3753 Sambre
544 3688 580 3753 du
587 3701 657 3774 pays
670 3688 729 3761 bar.

171 3815 206 3895 '.
233 3818 270 3906 s.
295 3776 504 3848 Samarobriva.
528 3772 617 3850 Urbs
632 3775 867 3850 Ambianorum.
890 3771 1037 3864 l'Evescls
1052 3773 1253 3931 d'Amietpyspd·
