2616 4462
304 256 849 359 praemonentem.-
970 286 973 290 ’
1036 272 1110 348 68ι
1176 254 1223 367 l*

21 401 29 412 ’
83 392 552 498 telautifierent'complura,
569 423 705 490 curare,
720 397 859 501 glandes
875 391 1042 484 fundere,
1056 390 1113 467 sui
1141 458 1144 463 .

77 491 1144 599 dmmmmffiwmfflfflmmwssmmmi

82 615 137 682 te,
162 612 204 665 ut
216 592 276 663 sibi
292 613 397 667 crates
414 596 659 692 materiemque
674 609 904 692 congererent
917 590 958 660 ad
973 607 1113 677 arietes,
1131 624 1142 655 ι

81 691 179 786 cujus
197 689 313 788 inopia
330 689 366 761 in
392 690 508 766 Africa
527 692 635 766 ess‘et:
662 711 825 788 praeterea
846 687 978 761 ferrum
996 684 1113 784 plum·
1159 781 1162 790 .

80 783 450 882 bumquemitteretur.
477 779 1026 883 Etanimumetiam'advertebat,
1040 780 1113 869 fru·
1136 793 1165 876 4

80 883 242 980 mentose
258 883 292 955 in
301 883 416 957 Africa
430 886 491 959 nifi
502 888 547 959 im
598 885 726 960 rtatitio
743 887 794 959 uti
812 907 884 958 non
892 878 986 981 poss'e
999 905 1007 951 ι
1020 877 1115 978 prio·

82 1003 120 1051 re
136 981 228 1052 enim
246 1004 355 1065 anno,
370 1005 545 1080 proptera
573 983 798 1057 versariorum
814 978 992 1066 delcdtus,
1018 974 1115 1074 quod

82 1075 288 1171 stipendiarii
306 1099 452 1153 aratores
475 1079 600 1154 milites
617 1078 724 1154 ess'ent
746 1078 826 1153 fasti
847 1135 858 1169 ,
882 1074 1025 1150 mess'em
1042 1095 1114 1145 non

83 1173 151 1244 ess'e
166 1173 308 1246 fartam:
335 1197 497 1273 praeterea
513 1202 558 1251 ex
574 1178 672 1251 omni
690 1172 806 1251 Africa
822 1175 1036 1249 frumentum
1055 1172 1114 1242 ad·
1138 1189 1164 1269 5

84 1270 248 1344 versarios
266 1272 302 1343 in
318 1297 423 1369 pauca
436 1275 606 1373 oppida&
623 1275 711 1349 bene
724 1273 855 1347 munita
868 1265 1114 1370 comportasse,

84 1390 294 1467 omnemque
307 1368 487 1469 regionem
503 1371 631 1448 Africae
644 1369 1032 1448 exinaniffesrumento:
1049 1390 1120 1463 op--
1139 1359 1164 1436 6
1188 1378 1193 1392 ·

83 1464 182 1559 pide,
199 1487 324 1563 praeter
339 1491 464 1564 pauca,
489 1495 568 1568 quae
584 1470 647 1566 ipsa
657 1472 725 1545 suis
740 1468 902 1568 praesidiis
917 1465 1005 1538 tueri
1015 1483 1116 1561 pote·
1202 1555 1205 1565 Ι

82 1581 175 1646 rant,
194 1563 423 1661 reliquadirui
437 1585 541 1665 atque
550 1567 678 1654 deleri,
702 1569 739 1642 δι
756 1591 878 1640 eorum
888 1563 1014 1638 incolas
1029 1562 1117 1634 intra
1207 1576 1210 1582 ’

80 1657 141 1733 sua
153 1659 302 1756 praesidia
315 1661 461 1760 coe'giss'e
476 1665 724 1762 commigrare,
740 1687 838 1763 agros
847 1662 997 1736 desertos
1006 1682 1045 1733 ac
1056 1681 1116 1734 va-

84 1756 190 1847 statos'
202 1759 280 1832 effe.
632 1828 635 1835 ,
1113 1794 1116 1798 “

132 1855 240 1929 ΧΧΙ.
266 1857 347 1928 Hac
361 1855 548 1930 necessitate
564 1855 679 1930 Caesar
696 1853 854 1943 coaetus,
877 1850 1028 1950 privatos
1043 1876 1114 1926 am·
1142 1860 1162 1923 r'
1229 1902 1232 1910 -

81 1947 230 2041 hirudo,
254 1951 432 2026 &blande
447 1955 667 2054 appellando,
690 1949 943 2050 aliquantulum
959 1948 1116 2023 frumen·

82 2046 1116 2149 mmmmmmffiwoefflnwffffim3&oemm
1256 2135 1266 2149 N

81 2144 253 2219 utebatur.
276 2147 394 2244 Opera
412 2148 548 2225 interim
563 2149 631 2248 ipse
649 2148 804 2245 quotidie
819 2144 1020 2232 circumire,
1046 2160 1058 2193 ¹
1078 2144 1115 2218 δε
1154 2158 1160 2169 “
1178 2220 1183 2228 ,

80 2241 224 2316 alternas
247 2246 407 2318 cohortes
433 2248 468 2318 in
495 2247 637 2320 statione
659 2245 781 2318 habere
803 2259 944 2342 propter
962 2239 1113 2315 hostium

81 2340 353 2415 multitudinem.
380 2342 555 2417 Labienus
571 2342 698 2418 saucios
714 2343 812 2431 suos,
827 2361 976 2438 quorum
995 2364 1114 2414 nume·
1138 2352 1164 2404 2
1182 2338 1186 2345 ’
1228 2368 1230 2377 ⁴

80 2458 139 2508 rus
156 2439 322 2513 maximus
338 2438 425 2527 fuit,
445 2440 547 2538 jubet
563 2440 598 2514 in
615 2439 751 2536 plostris
766 2437 932 2538 deligatus
942 2437 1114 2511 Adrume-

82 2551 158 2603 tum
177 2535 357 2630 deportari.
392 2538 511 2636 Naves¹
527 2539 663 2611 interim
681 2535 825 2611 Caesaris
840 2534 1004 2608 onerariae
1021 2559 1112 2608 erm-
1137 2551 1158 2631 3

75 2626 211 2706 ,bundae
231 2635 319 2705 male
335 2635 574 2732 vagabantur,
599 2635 738 2709 incertae
761 2634 919 2706 locorum
940 2653 1043 2728 atque
1060 2656 1113 2703 ca-

63 2725 231 2807 ,strorum
248 2729 407 2811 suorum:
434 2757 517 2830 quas
534 2731 681 2832 singulas
698 2731 829 2828 scaphae
845 2727 1114 2801 adversariorum

79 2822 417 2921 compluresadortae
434 2829 679 2908 incenderant,
702 2848 805 2926 atque
820 2850 909 2922 expu
940 2845 1110 2896 neverant.
1150 2837 1151 2841 ’
1184 2902 1189 2913 ,

78 2921 159 2994 Hac
176 2924 388 3007 renunciata
409 2923 536 2998 Caesari
555 2983 566 3017 ‚
589 2926 702 3002 classes
718 2926 847 2999 circum
864 2924 898 2995 in
916 2920 1005 3005 ulna,
1029 2944 1109 3016 por·
1132 2934 1158 3016 4

72 3021 202 3112 ,rusque
224 3017 390 3121 disposuit
414 3045 426 3107 3
457 3045 529 3119 quo
553 3022 659 3097 tutius
683 3015 1111 3119 commeatursupportari

80 3119 201 3213 posset.

938 3314 940 3318 Α
980 3214 1112 3292 XXII.¹

79 3339 132 3417 est,
149 3358 254 3411 optant,
270 3363 297 3399 ut
312 3349 358 3399 ille
373 3349 451 3401 vivat.
477 3352 539 3400 Non
556 3348 577 3400 i·
605 3348 741 3408 convenit,
758 3351 785 3401 δι
799 3346 874 3400 fuerit
889 3347 955 3408 hoe,
971 3350 1055 3414 inquit
1064 3353 1104 3398 Li·

78 3421 146 3472 grtur
162 3427 223 3476 opus
240 3414 291 3473 est,
308 3430 334 3466 ut
349 3417 415 3475 Joan.
433 3419 576 3476 Geduinum,
602 3418 674 3481 pstus,
691 3415 832 3466 relevandis
840 3414 979 3472 militibur,
989 3418 1104 3479 nonpel-

78 3476 178 3524 malum
191 3480 335 3548 plerumque
352 3481 464 3541 ducem,
488 3481 576 3550 sequa·
605 3482 688 3533 lendis
699 3484 781 3549 magis
796 3481 914 3532 hostibus.
932 3483 1003 3532 Idem
1013 3483 1039 3531 in
1056 3480 1100 3534 lib.

78 3555 143 3604 mur,
153 3549 247 3596 Davies.
605 3547 698 3615 scripto
715 3552 821 3597 Torrentii
829 3551 859 3596 ad
872 3563 941 3596 terras
949 3546 1102 3612 compendio

113 3634 134 3666 t.
152 3624 181 3666 Et
197 3621 289 3670 alternae
303 3626 425 3673 cohonestet
434 3625 575 3685 flationeha·
602 3616 718 3732 gundum
733 3613 993 3680 scriptumtestatut,
1020 3609 1102 3676 equo

75 3684 122 3732 bere
141 3699 227 3748 propter
244 3687 333 3746 hostium
346 3694 521 3752 multitadrnem]
538 3696 574 3746 Q·
616 3684 665 3732 acit
680 3684 710 3729 ad
723 3695 794 3730 rernm
810 3717 817 3739 ‚
835 3680 880 3733 lib.
893 3698 917 3733 v.
932 3680 1010 3734 milit.
1022 3682 1103 3734 ROB]-

75 3765 148 3809 mnee
166 3753 255 3816 legunt
277 3755 383 3814 ednas,
407 3770 433 3806 ut
449 3756 572 3823 significet
603 3749 664 3802 dial.
676 3763 748 3800 vrit.
782 3752 860 3799 rrant.
995 3747 997 3753 '

74 3816 135 3883 duas
153 3813 235 3884 fruisser
261 3821 374 3876 Alternus,
386 3821 502 3891 profesto
518 3838 572 3877 non
742 3889 765 3940 v
804 3840 813 3863 Ι
899 3847 904 3856 ·

743 3945 746 3950 .
776 3900 824 3953 Η,
