2616 4462
211 273 292 375 :748
424 253 1058 348 ilerurrrCorrrrrru‘r.

215 395 358 479 cerunt)
383 387 430 465 fic
452 413 492 467 ut
506 416 550 466 ex
566 391 699 466 infinita
715 393 897 487 hominurn
913 389 1139 468 multitudine
1154 386 1260 489 pauci

168 510 203 603 ¹4>
218 492 254 564 in
268 491 436 590 oppidum
454 489 486 566 se
503 492 570 564 reci
596 510 718 599 erent·
737 491 821 566 Hoc
839 495 963 568 timore
982 489 1153 564 addustus
1172 491 1259 598 Seri.

216 589 405 687 Pompejus
419 587 545 661 litteras
576 588 654 660 ratri
672 586 783 679 mrsrt,
805 612 845 666 ut
861 589 1015 665 celeriter
1024 587 1085 662 fibi
1102 585 1259 679 subfidre

218 686 371 771 veniret,
390 684 534 784 ueprius
549 684 662 757 Caesar
671 683 875 761 Cordubam
891 707 1048 784 caperer,
1070 707 1177 785 quam
1190 682 1260 780 ipse

117 848 120 853 .
167 798 193 896 ’5
218 782 280 855 illo
297 782 450 858 venisset.
477 780 606 889 lta-Cn.
619 783 825 882 Pompejus,
843 783 928 859 Ulla
938 807 1045 882 prope
1060 801 1184 882 capta,
1201 779 1259 856 lit·

216 881 298 954 teris
313 878 424 987 fratris
438 899 571 953 exertus
589 935 603 970 ‚
625 903 706 954 cum
723 881 830 981 copiis
843 880 1109 974 adCorclubam
1126 880 1195 955 iter
1211 875 1259 962 sa,

217 1001 297 1051 cere
312 995 432 1073 coeprt.
1238 1008 1242 1013 ·

167 1101 190 1177 [ι
266 1074 313 1150 V.
339 1072 478 1164 Caesar,
494 1073 655 1170 quumad
672 1073 805 1151 flumen
821 1074 945 1158 Baetim
962 1075 1126 1165 uenisset,
1144 1101 1258 1175 neque

216 1191 361 1268 propter
377 1170 595 1256 altitudinem
612 1170 764 1246 fluminis
776 1173 914 1248 transire
931 1175 1059 1272 pollet,
1086 1173 1259 1276 lapidibus

217 1268 339 1341 corbes
353 1268 473 1365 plenos
488 1266 635 1342 dimisit:
654 1269 724 1362 ita,
747 1269 882 1368 insuper
899 1292 1005 1367 ponte
1013 1269 1126 1363 farlo,
1142 1272 1258 1369 copias

169 1397 197 1449 2
219 1367 261 1438 ad
269 1358 372 1438 castra
388 1363 557 1462 tripartito
566 1365 770 1443 transduxit.
795 1384 806 1417 ¹
825 1367 1008 1442 Tenebant
1024 1369 1186 1443 adversus
1195 1394 1258 1468 op·

220 1459 377 1631 pidum&
394 1461 535 1559 regione
554 1464 672 1558 pontis
698 1463 841 1556 trabae,
866 1484 906 1538 ut
923 1466 1025 1635 suspra
1043 1466 1256 1575 scripsimus,

169 1579 193 1661 3
249 1559 396 1656 ipartrto.
423 1559 509 1631 Huc
518 1583 629 1657 quum
648 1562 835 1660 Pompejus
850 1585 932 1635 cum
962 1563 1013 1641 uis
1029 1563 1258 1658 copirsvenis·

219 1656 298 1746 set,
323 1680 367 1731 ex
384 1654 525 1729 adverso
547 1656 619 1754 pari
635 1658 764 1734 ratione
787 1656 890 1732 castra
906 1660 1014 1757 ponit.
1046 1659 1166 1735 Caesar
1183 1717 1196 1751 ,
1216 1679 1257 1735 ut

218 1777 300 1830 eum
313 1752 359 1825 ab
375 1753 506 1851 oppido
521 1775 788 1853 commeatuque
802 1755 1021 1846 excluderet,
1043 1775 1059 1809 2
1076 1756 1282 1833 brachium·

169 1873 197 1955 4
219 1852 260 1923 ad
271 1870 411 1947 pontem
427 1851 552 1923 ducere
562 1851 681 1948 coepit.
706 1871 718 1911 ³
740 1852 818 1926 Pari
829 1853 919 1926 idem
937 1851 1137 1928 conditione
1149 1857 1258 1955 Pour-¹

208 1948 328 2046 pejus.
357 1946 430 2020 Hic
448 1947 536 2020 inter
552 1947 657 2021 duces
672 1948 760 2024 duos
777 1949 819 2023 fit
837 1951 1014 2024 contentio
1032 2006 1043 2040 ,
1066 1970 1145 2024 uter
1162 1952 1258 2048 prius

219 2065 364 2143 pontem
381 2063 585 2141 occuparet:
611 2069 655 2119 ex
669 2070 737 2143 qua
749 2047 970 2121 contentione
981 2047 1180 2146 quotidiana
1192 2050 1259 2123 mi·

219 2163 306 2216 nuta
322 2140 443 2238 proelia
457 2139 608 2231 fiebant,
633 2162 672 2215 ut
682 2143 787 2215 modo
805 2141 859 2228 hi,
884 2146 990 2218 modo
1001 2145 1051 2217 illi
1068 2146 1259 2242 superiores

169 2259 196 2349 ‘5
222 2240 443 2314 discederent.-
466 2239 559 2345 Quae
571 2261 627 2309 res
638 2264 748 2336 quum
766 2240 807 2312 ad
819 2241 981 2338 majorem
993 2243 1258 2349 contentionem

220 2337 391 2419 venisset.
415 2335 458 2414 ab
473 2332 628 2432 utrisque
651 2337 842 2411 acominus
859 2362 977 2437 pugna
1000 2339 1144 2438 iniqua·;
1168 2343 1256 2417 dum

217 2434 378 2533 cupidius
395 2430 513 2507 locum
529 2429 669 2507 student
680 2455 818 2532 tenere,
842 2457 984 2533 propter
999 2457 1141 2536 pontem
1152 2464 1259 2512 coan-

249 2649 275 2684 τ.
291 2634 398 2682 Terrebant
417 2631 523 2692 adversus
545 2633 643 2698 oppidum
661 2631 719 2681 bre·
783 2651 807 2685 2.
824 2633 939 2692 Brachium
953 2633 983 2680 ed
996 2646 1083 2698 pentem
1096 2633 1172 2681 lucere
1182 2560 1259 2700 ιὲρυὶιῐ

210 2701 277 2765 glane
285 2703 355 2762 pontis
371 2700 456 2754 trabes,
473 2712 497 2744 ur
505 2699 717 2761 suprascripfimus,
751 2702 838 2748 Vallum
852 2697 978 2748 interdum
992 2702 1090 2749 variare
1103 2714 1200 2749 nornen
1210 2735 1218 2758 ‚
1230 2705 1258 2756 δι

213 2769 328 2830 bipartito]
345 2763 419 2814 Nihil
429 2760 501 2831 supra
518 2764 549 2813 de
558 2763 670 2814 trabibus
679 2764 718 2815 di·
749 2770 864 2815 Brachium
881 2767 1005 2831 appellari
1020 2765 1095 2816 docet
1112 2767 1197 2827 Lipfins
1206 2767 1257 2820 lib.

216 2834 257 2895 μὴ
273 2831 371 2889 noster,
392 2829 501 2894 ideoque
517 2832 587 2880 locus
605 2832 645 2880 rel
662 2845 717 2881 mu·
749 2846 787 2883 rr.
806 2834 915 2885 foliotc.
927 2834 1031 2899 Dialog.
1042 2848 1081 2881 rr.
1092 2831 1186 2896 Qualia
1196 2835 1258 2897 plu-

213 2899 277 2948 tilus
293 2897 346 2955 eil,
369 2898 409 2947 vel
426 2911 563 2962 corruptus.
579 2901 654 2947 Forte
670 2910 717 2945 ten·
746 2913 774 2946 ra
811 2901 912 2965 colligit
944 2897 1147 2949 observationum
1180 2897 1260 2950 libris

213 2966 308 3022 debant,
326 2977 352 3013 ut
367 2962 443 3014 habet
457 2962 497 3012 ed.
515 2967 587 3028 Stqnh.
610 2964 716 3024 adversus
744 2961 880 3016 familiaris
905 2964 1010 3022 noster,
1034 2965 1072 3012 vir
1094 2959 1261 3017 dostlssimug

214 3034 315 3095 oppidum
331 3029 342 3077 ι’
358 3034 439 3092 regione
453 3042 540 3092 pontis,
563 3024 675 3078 tranfiffe
691 3043 717 3076 ut
748 3033 828 3083 Andr.
846 3037 953 3082 Schortus.
987 3035 1072 3080 Brant.

208 3100 281 3159 supra
295 3097 434 3160 scripfimus‚
447 3098 571 3158 tripertito:
594 3092 628 3142 fic
645 3094 715 3143 enim
780 3114 804 3154 3.
825 3103 880 3147 Pari
906 3100 962 3145 idem
988 3095 1102 3141 conditione
1127 3093 1259 3156 Pompeius]

194 3162 283 3213 ὀπὶ.
300 3166 384 3209 Tluan.
400 3163 518 3210 ultimam
536 3174 625 3208 vocem
645 3158 717 3208 exhi·
747 3164 861 3214 Omnino
886 3160 1022 3230 legendum
1046 3157 1094 3220 pari
1110 3157 1161 3202 irem
1180 3164 1258 3210 condi.

213 3226 268 3279 bet.
302 3233 359 3277 Haec
381 3226 438 3277 sane
454 3223 529 3275 verba
543 3222 558 3273 ὶ
574 3229 641 3275 MSS.
682 3243 714 3288 eg.
745 3233 802 3276 riona
818 3233 936 3292 Pompeius.
969 3229 999 3274 F.
1019 3219 1131 3271 Ursinus.

211 3297 242 3345 &
256 3297 348 3343 Norvlc.
392 3289 472 3349 rursus
488 3292 608 3348 exulant,
626 3305 654 3339 ac
689 3307 715 3340 e·
776 3313 802 3355 4.
823 3298 920 3343 (ominus
938 3304 1010 3354 pugne
1033 3289 1125 3352 iniqua]
1160 3291 1255 3343 critici

211 3360 291 3409 lenda
316 3371 400 3406 cenet
422 3359 488 3416 Joen.
515 3357 634 3406 cuduinus.
669 3356 715 3407 Sed
746 3361 822 3408 variis
840 3357 924 3409 modis
938 3354 1255 3409 huncloeumtenrarunr.

212 3425 279 3475 hanc
295 3422 471 3482 ‘comesturam
493 3423 582 3470 evertit
601 3422 628 3470 id
645 3422 714 3486 quod
746 3425 813 3483 Joan.
835 3424 980 3486 mandorprus
997 3420 1061 3486 legit
1078 3423 1189 3482 commiffa
1209 3436 1256 3486 pu-

209 3488 337 3554 sequitur:
354 3491 466 3550 Pompeius
481 3506 506 3533 ex
517 3488 608 3548 adverso
615 3492 666 3551 pari
677 3507 713 3536 ra·
741 3507 786 3552 gna
809 3492 912 3553 iniqua:
937 3493 985 3536 Per.
1009 3490 1127 3535 ciacconius
1151 3490 1254 3552 reponit

209 3561 268 3604 tiene
284 3554 353 3613 castre
366 3557 442 3618 ponit,
458 3551 523 3601 unde
533 3565 603 3615 patet
615 3552 646 3600 de
655 3567 711 3601 mo·
743 3558 836 3601 cominus
850 3567 921 3617 mna
935 3556 1009 3601 inira:
1028 3551 1072 3602 sed
1088 3550 1254 3606 certissimam

195 3619 263 3678 ·do‚
280 3635 331 3685 quo
341 3618 417 3670 castra
425 3632 497 3668 erant
506 3615 603 3682 posita,
619 3617 661 3666 hie
671 3619 712 3665 lo·
742 3616 897 3669 emendandi
922 3620 1052 3668 rationem
1077 3617 1162 3668 docuit
1193 3623 1252 3672 MS.

207 3688 235 3738 ei
252 3686 336 3736 auum
352 3681 440 3741 fallier
456 3697 489 3740 ac,
499 3681 605 3748 proinde
625 3680 711 3731 nostre
741 3689 832 3735 Nervii.
850 3686 894 3750 qui
909 3684 986 3736 habet
1006 3687 1101 3733 cominus
1120 3697 1192 3748 pugna
1206 3685 1253 3745 fie-

206 3751 385 3805 emendationi
407 3763 461 3808 non
482 3746 611 3805 infirmum
631 3743 710 3804 subest
739 3750 792 3808 bar,
808 3769 831 3802 m
849 3767 895 3822 que
910 3754 965 3807 dum
982 3752 1032 3812 &a
1050 3749 1164 3823 Optime·⁴
1197 3757 1253 3821 Da:

206 3820 403 3890 emmenum,
434 3820 530 3878 Draus.
740 3818 797 3890 virs,
929 3823 940 3829 “
1027 3819 1034 3843 ⁷
