2616 4462
74 318 79 328 ,
191 301 195 307 -
260 269 322 326 nrt
345 237 909 348 BannoCrt'rtrLrtLIll.
1043 266 1120 357 559·

75 361 244 442 munibus
258 364 405 439 Gallicis
423 362 522 438 bellis
539 363 672 464 optima
686 364 933 466 fortissimaque
947 375 1121 450 etatusus.

79 461 149 541 His
163 465 260 539 domi
277 463 325 538 ob
343 464 400 535 has
415 462 541 535 caussas
555 461 777 560 amplissimos
794 465 1008 565 magistratus
1024 493 1118 548 man-
1143 498 1173 558 ι’

77 565 238 650 davetat·‚
258 583 364 661 atque
379 586 437 635 eos
452 581 547 633 extra
558 563 715 634 ordinem
732 562 768 635 in
785 562 936 636 senatum
957 565 1121 664 legendos

76 680 275 765 curaverpta
298 658 467 760 agrosque
482 659 518 731 in
526 659 642 732 Gallia
656 659 864 733 exhostibut
879 683 1018 760 captos,
1033 689 1123 760 prae-

76 761 216 858 miaque
232 758 283 832 rei
299 757 503 856 pecuniariae
518 780 640 856 magna
656 757 842 846 tribuerat3
864 758 1122 859 locupletesque

75 882 121 934 ex
138 855 322 957 egentibus
332 851 501 929 effecerat.
526 855 579 926 Hi
590 876 731 953 propter
744 855 910 929 virtutem
928 857 1119 932 nonsolum
1145 889 1173 973 ζ

75 957 172 1067 apnd
197 952 367 1027 Caesarem
382 952 417 1024 in
434 953 567 1025 honore
579 971 676 1024 erant
693 1010 704 1042 ‚
727 951 898 1026 sedetiam
914 955 1118 1051 apudexer-

77 1073 191 1128 crtum
208 1051 275 1125 cari
297 1049 521 1124 habebantur.
545 1049 601 1122 sed
625 1048 704 1122 steti
720 1051 866 1124 amicitia
883 1051 1058 1143 Caesaris,
1083 1057 1121 1128 ὅ(

70 1148 186 1246 stulta
213 1173 251 1224 ac
273 1146 415 1220 barbara
432 1125 632 1247 ⁸arrogantia
656 1147 734 1220 elati
759 1148 990 1247 despiciebant
1013 1150 1120 1244 suos,

83 1245 401 1345 fstipendiumque
416 1245 574 1342 equitum
598 1244 826 1335 fraudabant,
850 1248 887 1320 ὃς
910 1248 1060 1343 praedam
1083 1276 1124 1323 o·

79 1347 353 1419 moemdomum
368 1342 576 1419 avertebant.
602 1342 742 1438 Quibus
753 1342 803 1415 illi
814 1344 1070 1442 rebuspermoti
1081 1372 1121 1420 u·
1143 1365 1177 1459 4'

37 1462 40 1468 ·
79 1439 205 1517 niverfi
228 1437 401 1515 Caesarem
419 1440 576 1515 adierunt
594 1497 609 1530 „
628 1440 808 1540 palamque
824 1444 867 1516 de
890 1467 1012 1517 eorum
1031 1444 1143 1542 iujo.»

78 1540 138 1615 riis
151 1537 378 1640 suntquesti;
399 1538 486 1613 &ad
497 1558 618 1612 caetera
632 1538 859 1631 addiderunt,
877 1538 997 1613 falsum
1016 1541 1123 1616 abhis

71 1639 242 1736 ‘equitum
260 1660 445 1757 numerqm
462 1628 606 1725 defecti,
629 1661 781 1735 quorum
792 1631 1008 1737 'stipendium
1024 1663 1123 1713 avet·

81 1755 208 1810 terent.

36 1867 39 1873 ·
132 1832 219 1908 LX.
244 1830 361 1905 Caesar
377 1856 490 1930 neque
506 1849 647 1930 tempus
661 1830 747 1905 illud
766 1832 1064 1907 animadversionis
1074 1834 1122 1906 es-
1151 1848 1173 1920 ιῖ

73 1929 116 2004 [ο
130 1931 346 2020 existimans,
370 1931 408 2003 bc
425 1929 533 2002 multa
550 1928 671 2001 virtuti
686 1954 807 2002 eorum
823 1931 1033 2020 concedens,
1050 1957 1123 2004 rem

82 2027 219 2103 distulit
234 2047 342 2100 totam
359 2053 369 2111 ;
396 2027 475 2101 illos
492 2027 620 2101 secreto
635 2026 811 2126 castigavit
828 2085 839 2118 ,
863 2029 956 2126 quod
976 2028 1142 2125 quaestui'

76 2128 214 2226 equites
237 2126 403 2200 haberent
424 2183 434 2217 ,
460 2125 669 2224 monuitque·
690 2147 729 2197 ut
754 2144 771 2177 2
785 2150 830 2198 ex
852 2125 909 2198 sua
923 2126 1068 2199 amicitia
1082 2151 1123 2199 o·

73 2226 174 2299 ⁴mnia
189 2222 448 2320 exspestarent,
474 2219 834 2320 &vexpraeteritissuis
853 2220 974 2296 officiis
992 2224 1123 2322 reliqua

80 2321 263 2418 sperarent.
300 2322 468 2419 Magnam
487 2340 601 2394 tamen
628 2322 701 2394 haec
719 2345 770 2393 res
789 2320 855 2394 illis
873 2317 1120 2414 offenfionem‚
1144 2345 1173 2397 a
1205 2342 1211 2351 ’

81 2422 120 2493 δι
145 2420 444 2518 contemptionem
461 2419 503 2490 ad
526 2441 647 2491 omnes
672 2416 800 2491 attulit.
836 2419 940 2518 idque
964 2420 1010 2494 ita
1028 2419 1121 2512 css'e,

83 2520 196 2614 quum
210 2542 254 2590 ex
276 2517 425 2612 aliorum
443 2513 733 2617 objesbationibus
751 2573 760 2601 ,
790 2537 865 2589 tum
881 2517 983 2591 etiam
1002 2542 1044 2589 ex
1060 2520 1124 2591 do·

82 2613 228 2688 mestico
241 2613 376 2712 judicio
390 2633 494 2712 atque
518 2613 624 2685 animi
643 2613 847 2687 conscientia
870 2614 1122 2714 intelligebant.
1245 2648 1247 2654 ·

80 2710 172 2808 Quo
197 2713 328 2807 pudore
344 2711 506 2802 adducti,
530 2713 567 2785 ὅ(
584 2702 722 2785 fortasse
735 2712 766 2784 se
786 2737 856 2784 non
878 2710 1042 2801 liberari,
1067 2711 1122 2784 sed
1147 2739 1175 2826 ᾖ

81 2809 117 2882 in
132 2809 228 2883 aliud
246 2830 381 2907 tempus
397 2808 557 2882 reservari
573 2809 725 2882 arbitrati
742 2866 752 2898 ,
776 2808 945 2883 discedere
962 2808 981 2880 a
1001 2807 1121 2903 nobis,
1154 2866 1156 2872 .

81 2907 119 2983 bt
137 2932 269 2986 novam
287 2927 416 2983 tentare
431 2908 630 2999 fortunam,
659 2906 831 3006 novasque
844 2906 992 3005 experiri
1007 2906 1123 3017 amici-

322 3074 325 3084 .
1058 3026 1128 3079 tras·

121 3118 145 3157 ῐ.
172 3106 356 3172 Stipendiumqae
376 3107 474 3174 equitum
488 3104 586 3166 frauda-
620 3096 708 3168 bigam
721 3099 816 3154 delevit
834 3109 881 3153 Per.
899 3105 1035 3164 ciacconius,
1052 3108 1128 3168 cuiun·

79 3172 145 3233 lant]
162 3171 286 3223 Ufitatiot
300 3171 337 3223 ess
351 3172 474 3240 loquendi
489 3172 596 3221 fotmu—¹
623 3169 743 3232 judicium
767 3169 862 3218 secutus
880 3171 928 3232 Jos.
947 3175 1061 3236 Scaliger,
1078 3181 1128 3223 eas·

78 3239 108 3287 la
120 3238 221 3304 stipendio
236 3244 318 3305 equites
330 3240 488 3300 fraudabant,
505 3251 531 3287 at
541 3236 586 3286 hu·
622 3251 697 3285 voces
706 3238 733 3285 in
748 3233 909 3286 suaeditione
918 3239 1016 3288 uncinis
1032 3240 1127 3290 cinxitae
1205 3269 1208 3285 ι
1263 3243 1267 3252 '

80 3299 149 3366 juste
163 3321 215 3355 non
236 3303 326 3356 desunt
345 3308 474 3372 exempla.
492 3308 588 3368 Hyginus
623 3301 690 3351 Mihi
705 3302 807 3368 quidem
824 3302 885 3361 stat,
902 3305 987 3353 locum
1001 3301 1049 3355 esse
1066 3321 1126 3356 cot-⁴¹

79 3366 145 3416 aab.
161 3386 269 3424 txrxrx.
287 3387 350 3439 pag,
369 3389 425 3435 144.
443 3373 587 3436 Qodlaip·
624 3381 745 3434 ruptum,
770 3367 813 3417 sed
827 3371 871 3483 qui
885 3373 982 3420 leniore
995 3370 1127 3421 medicina

77 3434 134 3494 sum
150 3437 267 3486 Laomedon
286 3441 411 3501 fraudavit
436 3473 444 3496 ‚
468 3435 511 3487 ubi
530 3435 587 3490 vide
622 3433 705 3485 sanati
721 3433 812 3500 polilt,
839 3437 1128 3504 tlegamusexsuaami-·

81 3500 125 3544 Th.
146 3500 293 3562 Mansuram.
311 3504 414 3555 Eodem
426 3502 587 3554 modolocu·
623 3507 673 3549 ciria
688 3506 759 3549 omnia
771 3503 908 3566 sperarent,
932 3507 958 3556 th
974 3523 1000 3552 cx
1011 3508 1129 3569 preteritis

79 3576 124 3614 tas
142 3562 259 3618 est=idem
273 3567 458 3638 scriptorrab.
482 3583 587 3620 ccxxix.
620 3571 667 3630 fuss
684 3567 755 3631 officiis
772 3572 855 3632 reliqua
867 3571 993 3634 spetiarmt.
1011 3566 1130 3636 Elegans³

80 3634 181 3697 Davifs.
253 3635 256 3640 '
467 3634 470 3639 ’
623 3634 693 3684 hicce
708 3636 816 3700 spedandi
832 3633 887 3686 usus
903 3632 1129 3687 videturincauss'ai

115 3715 140 3748 2.
169 3703 207 3746 Ex
221 3700 265 3760 sua
278 3707 373 3753 amicitia
394 3705 467 3753 omnia
483 3703 588 3767 exspella-
622 3698 709 3758 fuisse,
726 3717 767 3751 cut
780 3702 891 3767 imperiti
907 3703 1014 3752 Librarii
1030 3703 1131 3761 nostrum

77 3777 149 3823 mh
167 3767 194 3818 dr
215 3782 243 3811 ex
258 3773 369 3829 pratentis
381 3773 430 3832 suis
446 3769 518 3833 officiis
537 3771 590 3815 reli·
622 3770 777 3835 corruperint
797 3770 921 3834 Alioquin
929 3769 978 3818 haec
986 3767 1061 3818 verba
1068 3762 1129 3832 pal'²

78 3846 127 3900 w
140 3832 289 3907 sperarent}
307 3834 432 3896 ultiman
456 3833 591 3894 verborum
621 3832 670 3892 fini
686 3826 755 3892 inter-
767 3831 793 3891 se
808 3834 1009 3911 mutuabatur.-
1038 3837 1113 3886 aaa«
