2616 4462
163 237 286 323 688
384 198 1006 319 ll.l-lraarrComunnr.

159 392 240 442 eum
257 364 401 441 Caesaris
416 365 590 464 equitibus
609 423 621 458 ‚
644 365 714 440 fide
729 366 804 440 data
821 423 833 458 ,
856 369 945 442 inter
965 368 998 442 se
1012 363 1203 465 colloque?

117 489 139 576 3
160 464 296 538 bantur.
321 462 496 538 Labienus
512 462 646 536 interim
662 488 742 538 cum
753 483 846 562 parte
860 465 1031 571 equitatus
1047 464 1196 561 Leptim

121 590 126 597 ·
159 563 358 660 oppidum,
381 561 438 639 cui
462 582 607 658 praeerat
630 560 767 636 Saserna
784 586 865 636 cum
886 561 1088 638 cohortibus
1110 586 1198 653 ιιι,

159 682 388 757 oppugnare,
410 658 494 732 aevi
512 658 721 757 irrumpere,
736 660 942 735 conabatur:
968 658 1063 761 quod
1078 659 1122 732 ab
1136 661 1199 734 de·

47 804 52 813 ·
158 754 350 830 senioribus
368 773 509 854 propter
529 756 703 854 egregiam
727 751 956 832 munitionem
979 757 1099 866 oppidi
1122 812 1134 849 ,
1156 757 1198 834 ὅ(

75 902 80 909 -
161 875 416 927 tormentorum
432 852 711 940 multitudinem,
724 851 823 926 facile
839 855 876 929 &
893 855 962 928 sine
972 853 1127 952 periculo
1135 854 1200 928 de-
1215 884 1227 892 ·

113 974 140 1054 4
161 951 374 1024 fendebatur.
398 948 507 1046 Quod
517 949 577 1022 ubi
591 952 663 1047 ejus
678 949 787 1023 facere
805 952 980 1050 equitatus
992 949 1114 1051 saepius
1124 974 1199 1025 non

162 1045 430 1134 intermittebam
453 1048 490 1121 δι
505 1071 615 1144 quum
630 1047 720 1120 sorte
733 1068 811 1121 ante
827 1069 962 1144 portam
978 1069 1094 1122 turma
1110 1049 1198 1122 den·

147 1145 195 1218 ⁴sa
209 1142 402 1233 adstitisset,
424 1143 601 1255 scorpione
616 1144 805 1240 accuratius
816 1146 936 1237 mill'o,
960 1158 1197 1246 atquc'eorum

162 1242 350 1315 decurione
375 1240 558 1338 percullo‚
583 1244 650 1316 ¹&
676 1241 721 1288 l*
736 1242 777 1314 ad
802 1243 1037 1317 Decumanam
1056 1242 1198 1335 defixo,

162 1339 286 1437 reliqui
306 1338 497 1435 perterriti,
519 1335 602 1437 fuga
618 1339 650 1412 se
665 1338 701 1411 in
722 1339 827 1413 castra
844 1341 1035 1439 recipiunt:
1054 1364 1133 1440 quo.
1145 1337 1198 1413 sa·

163 1435 223 1508 uo
239 1435 353 1532 postea
368 1434 446 1508 sunt
462 1435 614 1534 deterriti
630 1435 798 1534 oppidum
818 1458 959 1512 tentare.

121 1560 136 1608 1
208 1532 355 1606 XXX.
380 1531 435 1607 Sci
462 1531 496 1605 io
519 1532 655 1606 interim
675 1533 746 1608 sere
761 1535 1013 1632 quotidienon
1031 1535 1138 1636 longe
1151 1534 1208 1610 ab·

165 1628 231 1702 suis
245 1628 359 1704 castris
369 1654 411 1727 pa
451 1629 516 1702 bus
525 1654 596 1704 ccc
609 1629 777 1709 instruere
785 1632 913 1724 aciem,
935 1656 973 1706 ac
989 1632 1116 1730 majore
1124 1633 1197 1708 diei

117 1751 141 1802 2
165 1747 260 1824 parte
281 1725 511 1823 consumpta,
535 1727 649 1801 rursus
668 1727 699 1800 se
715 1729 750 1800 in
776 1729 879 1802 castra
895 1731 1053 1826 recipcre.
1085 1729 1200 1828 Quod

165 1847 275 1921 quum
290 1823 410 1921 saepius
426 1823 675 1922 fieret,neque
685 1850 729 1900 ex
738 1824 880 1899 Caesaris
895 1827 1199 1926 castrisquisquam

125 1969 128 1973 »
164 1921 338 2020 prodiret,
361 1945 475 2020 neque
488 1923 633 2020 propius
649 1922 722 2020 ejus
736 1923 847 2021 copias
863 1925 1055 2015 accederet3
1081 1924 1201 2024 despe-

164 2019 219 2093 ua
235 2019 393 2116 patientia
417 2019 591 2107 Caesaris,
616 2038 630 2071 2
648 2018 885 2120 exercitusque
906 2023 1009 2119 ejus,
1031 2021 1200 2097 univerfis

122 2208 125 2213 ι
164 2118 271 2214 copiis
280 2115 477 2212 produdiis,
499 2116 752 2225 elephantisque
768 2119 899 2192 turritis
912 2144 985 2194 xxx
999 2141 1077 2193 aute
1091 2120 1200 2193 aciem

164 2213 356 2304 instructis,
380 2238 482 2312 quam
502 2212 654 2288 latissime
671 2214 787 2312 potuit
800 2214 956 2313 porredia
971 2218 1129 2313 equitum
1140 2243 1202 2316 pe·

122 2326 128 2346 ’
164 2312 348 2407 ditumque
365 2311 608 2400 multitudine,
621 2335 695 2383 uno
707 2332 862 2410 tempore
876 2315 1093 2411 progressus,
1109 2314 1202 2389 haud

168 2409 212 2483 ita
228 2409 332 2505 longe
347 2408 367 2480 a
385 2407 526 2481 Caesaris
538 2408 650 2482 castris
666 2408 819 2482 constitit
834 2409 870 2481 in
889 2434 1023 2506 campo.

124 2532 140 2583 t
213 2506 382 2609 XXXl.
407 2505 548 2603 Quibus
559 2505 659 2579 rebus
674 2505 842 2605 cognitis,
864 2505 1091 2608 Caesarjubet
1109 2509 1204 2583 mili-

121 2650 126 2662 ι
168 2623 234 2691 tes,
260 2600 322 2701 qui
335 2625 432 2677 extra
450 2604 660 2678 munitiones
677 2601 923 2701 processerant,
947 2607 1078 2708 quique
1092 2607 1204 2704 pabu-

1056 2746 1058 2753 ι
1090 2705 1207 2798 laudi,

92 2922 94 2926 ἱ
202 2883 225 2920 1.
244 2873 274 2916 Et
288 2867 319 2901 ’μ’
336 2868 366 2916 ad
378 2875 527 2919 Decumanam
536 2868 615 2930 defixo]
628 2871 667 2916 lta
702 2869 739 2915 liis
758 2882 767 2912 .·
783 2865 863 2918 Editt.
879 2885 939 2922 veto
948 2877 1016 2940 ‘Rom
1029 2877 1079 2919 Vera.
1098 2870 1201 2919 Beroald‚

168 2938 264 2994 Scaliner
279 2934 373 2994 edidit,
392 2936 507 3001 aliquid,
523 2948 575 2984 uto
594 2937 667 2991 inor,
701 2936 846 3000 exercitusque
859 2939 903 2996 ejus
921 2974 928 2996 ,
946 2939 1003 2996 Juba
1020 2932 1123 2989 uniuarfis
1137 2937 1206 2994 copiis

167 2997 248 3050 deesse
265 3003 419 3053 existimans.
435 3008 463 3052 ln
483 2951 619 3052 codiciius
627 3013 668 3049 ta·
697 3002 823 3063 produliis5
843 2999 877 3050 sic
892 3005 918 3052 δι
936 3004 1044 3067 optimus
1061 2997 1204 3068 mainis,

166 3082 227 3116 men
245 3072 312 3118 MSS.
340 3070 522 3134 &antiquitus
545 3065 667 3132 impressis
701 3062 822 3115 mendose
839 3066 958 3130 quidem;
976 3064 1040 3130 Juba
1055 3064 1123 3112 enim
1139 3060 1164 3111 se
1174 3066 1204 3116 in

166 3133 266 3183 nullum
285 3133 319 3183 est
334 3135 427 3183 lacunae
441 3134 587 3192 indicium,
603 3134 667 3182 adeo
701 3147 807 3198 regnum
816 3130 883 3180 suum
898 3142 1040 3194 receperat,
1053 3144 1100 3178 nec
1109 3130 1204 3183 iterum

167 3212 194 3246 ut
209 3200 295 3248 lotum
306 3214 449 3266 corruptum
462 3203 546 3266 potius
562 3198 666 3249 arbitra·
702 3197 735 3246 ad
756 3199 897 3260 Scipionem
913 3206 967 3243 erat
983 3194 1100 3245 reversus.
1137 3197 1204 3249 Vide

167 3281 214 3315 rer.
233 3270 286 3315 MS.
305 3272 395 3315 Nervic.
414 3268 440 3318 dr
457 3270 483 3314 ab
497 3275 596 3314 Decuma
614 3285 622 3323 3
639 3267 666 3314 in
702 3278 756 3328 cap.
773 3276 831 3310 xxv.
855 3260 978 3309 Mendum
994 3277 1025 3311 ex
1045 3257 1205 3314 Glossemate

167 3330 264 3382 duobus
280 3326 364 3380 auterrl
379 3336 447 3381 MSS.
467 3336 560 3380 ciaccoa.
588 3331 667 3381 tribus
701 3327 735 3375 est
749 3324 861 3382 natum3
884 3325 1020 3376 infrunitus
1039 3329 1108 3376 enirn
1124 3327 1207 3380 homo

168 3398 311 3448 Gallicanis
328 3411 357 3445 ac
373 3395 445 3446 editt.
470 3403 536 3464 isam.
556 3403 606 3448 Van.
626 3403 666 3444 Be·
701 3394 761 3451 Julae
775 3405 871 3439 nomen
893 3394 1003 3458 margini
1019 3391 1204 3457 adscripscrat,

166 3466 238 3513 ruald.
256 3459 291 3509 est
309 3463 335 3513 u
350 3465 380 3508 ad
395 3476 477 3508 terram
494 3463 588 3523 defixo,
613 3477 666 3528 quae
701 3471 728 3504 ut
742 3457 880 3519 explicaret
898 3457 928 3506 de
951 3460 1020 3520 eujus
1039 3462 1151 3508 exercitu
1164 3461 1208 3509 lo·

166 3528 227 3578 sane
243 3526 379 3575 commoda
397 3526 432 3574 est
447 3527 523 3576 lestio
540 3563 547 3585 ‚
565 3531 616 3585 &,
640 3540 666 3576 ut
702 3535 817 3585 queretur
844 3525 932 3572 Hirtius
953 3543 961 3582 ς
986 3522 1094 3575 Libratii
1119 3525 1206 3584 dein,

167 3593 232 3644 milri
248 3589 367 3648 videtur,
384 3592 535 3656 recipienda,
570 3596 664 3643 Davies.
702 3584 769 3635 haud
791 3588 875 3636 minus
897 3590 1009 3655 imperiti
1025 3625 1033 3647 ,
1056 3588 1159 3640 ver-bum
1173 3593 1208 3640 il-

202 3675 226 3709 2.
246 3658 400 3721 Exercitusque
418 3661 463 3718 ejus
481 3693 489 3716 ,
510 3658 616 3716 universts
632 3675 667 3704 ca·
702 3652 746 3702 lud
760 3652 788 3702 ln
803 3654 926 3710 orationis
941 3668 1089 3712 contextum
1104 3671 1208 3726 recepe·

89 3724 96 3732 '
163 3725 207 3791 piis
219 3723 352 3790 praduslit]
375 3726 428 3773 MS.
444 3727 534 3775 Nervis.
552 3725 667 3783 exercitus·
700 3730 766 3772 runt.
800 3723 871 3785 Illam·
1016 3728 1020 3735 ’
1200 3717 1210 3730 ⁴

166 3805 208 3858 qaae
222 3791 268 3852 ejus
285 3789 346 3852 ΜΛ
362 3821 371 3850 ,
387 3790 492 3853 unrvrrfis
508 3793 570 3856 copus
585 3790 666 3856 prodir-
727 3831 729 3837 ,
