2616 4462
287 246 374 370 ’Μ
396 287 558 368 Brenno
581 291 739 370 Crrtnr
763 289 866 367 Lrn.
889 292 955 368 ΙΙΙ.ι
1084 299 1158 399 567
1268 250 1270 256 Α
1299 285 1306 305 “

124 404 234 491 'dente
245 410 363 506 nullo,
387 413 686 519 transcenderunt:
705 412 886 514 omnisque
902 411 1017 490 noster
1029 418 1160 517 equita·
1218 471 1222 478 .

128 531 251 588 tuscas
265 512 428 586 cohortes
443 511 492 584 est
503 513 650 586 secutus.

176 609 324 696 LXIX.
341 602 493 683 ¹Interim
511 609 722 711 Pompejus,
744 610 806 683 hac
819 610 924 711 longa
935 599 1009 683 satis
1027 608 1162 707 interje-
1190 633 1206 682 t

127 703 183 780 &a
201 731 322 794 mora,
343 709 382 780 &
400 708 631 793 renunciata,
656 732 678 781 v
696 708 867 806 legionem
883 708 926 780 ab
943 731 1046 808 opere
1056 706 1164 803 deduf

127 800 220 878 ἂιιιι
237 800 389 877 sub'fidio
403 801 598 878 suisduxit:
621 805 813 904 eodemque
828 804 1166 903 temporeequitatus

128 901 202 975 e'us
218 896 345 974 nostris
357 900 531 999 equitibus
543 902 859 999 appropinquabat,
882 904 920 977 δι
937 902 1023 975 acies
1039 900 1165 974 instru·
1260 900 1262 905 ⁸

129 924 186 1072 sia
212 995 402 1088 dnobus,
426 999 486 1166 qui
505 998 609 1071 castra
630 1018 913 1097 occupaverant,
938 998 1163 1073 cernebatur:

130 1094 320 1192 omniaque
337 1093 415 1167 sunt
445 1095 543 1168 ubito
561 1116 701 1168 mutata.
737 1097 947 1196 Pompejana
961 1094 1054 1169 enim
1073 1094 1165 1195 legio
1190 1109 1223 1168 2,

132 1191 255 1267 celeris
274 1189 337 1290 spe
349 1190 488 1265 subsidii
504 1192 705 1266 confirmata
725 1190 767 1264 ab
784 1193 985 1272 Decumana
999 1213 1099 1290 porta
1113 1216 1166 1265 re·

133 1287 248 1373 sistere
263 1287 472 1376 conabatur,
494 1311 597 1388 atque
615 1288 709 1363 ultro
725 1285 761 1361 in
784 1288 917 1378 nostros
932 1290 1101 1388 impeturn
1118 1287 1168 1363 sa·

131 1384 255 1460 ciebat.
287 1384 474 1484 Equitatus
489 1387 633 1483 Caesaris
653 1443 664 1478 ,
688 1386 783 1485 quod
805 1385 952 1488 angusto
967 1386 1087 1461 itinere
1107 1410 1175 1486 per

128 1506 274 1584 aggeres
285 1482 531 1574 adscendebat,
545 1483 698 1582 receptui
715 1482 777 1557 suo
793 1483 939 1578 timens,
963 1484 1101 1558 initium
1113 1484 1169 1557 fu·

135 1603 189 1680 gae
202 1578 357 1655 faciebat.
383 1583 560 1656 Dextrum
576 1605 714 1671 cornu,
763 1582 833 1653 uod
849 1602 919 1655 erat
935 1579 956 1655 a
970 1580 1168 1656 sinistrose·
1193 1597 1216 1683 3

135 1678 292 1767 clusum,
310 1680 608 1776 terroresquitum
619 1606 877 1769 animadverso,
899 1703 942 1752 ne
957 1677 1170 1753 intr'amuni-

136 1767 269 1872 tionem
278 1775 553 1874 opprimeretur,
570 1792 581 1826 1
600 1796 775 1871 exparte,
798 1798 865 1884 qua
881 1774 1087 1875 proruebat,
1105 1775 1173 1850 sese

137 1871 319 1970 recipiebat
336 1897 347 1943 t
371 1897 411 1946 ac
426 1871 582 1982 plerique
597 1895 640 1945 ex
655 1872 695 1944 iis
713 1929 725 1964 ,
749 1896 791 1945 ne
808 1896 844 1944 ιιι
858 1872 1027 1974 angustias
1043 1871 1172 1946 incide·

137 1988 235 2055 rent,
257 1970 420 2070 xpedum
435 1970 638 2044 munitionis
653 1967 719 2042 sese
732 1968 767 2044 in
778 1965 876 2044 foffas
890 1967 1169 2070 praecipitabant:

137 2063 328 2166 primisque
345 2064 507 2165 oppreffrs
525 2125 536 2159 ,
560 2067 684 2164 reliqui
703 2091 764 2163 per
780 2068 907 2140 horum
924 2091 1070 2165 corpora
1085 2066 1172 2138 salu·

137 2183 210 2240 tem
229 2162 315 2255 fibi,
337 2184 442 2262 atque
458 2165 591 2239 exitum
608 2163 794 2261 pariebant.
820 2164 965 2238 Sinistro
981 2187 1090 2238 cornu
1108 2160 1171 2236 mi·
1197 2181 1224 2262 4

138 2260 235 2352 lites,
258 2285 369 2361 quum
386 2285 431 2334 ex
450 2261 542 2337 vallo
559 2319 568 2346 ,
591 2262 798 2358 Pompejum
814 2261 948 2348 adesse,
970 2260 1103 2336 &suos
1119 2260 1175 2336 fu·

137 2381 224 2458 gere
240 2363 437 2446 cernerent,
461 2359 584 2448 veriti,
609 2382 651 2430 ne
667 2356 830 2456 angustiis
843 2358 1177 2450 intercluderentur,

141 2477 255 2554 quum
273 2456 421 2550 extra&
438 2454 529 2530 intus
546 2454 679 2529 hostem
698 2455 882 2545 haberent,
905 2476 921 2509 2
940 2457 1084 2547 eodem,
1103 2481 1176 2554 quo

142 2572 338 2646 venerant,
361 2555 512 2648 receptui
538 2550 786 2626 consulebant:
811 2553 995 2654 omniaque
1007 2573 1102 2627 erant
1120 2574 1179 2625 tu·

119 2721 121 2725 ,
141 2647 302 2739 multus,
323 2649 474 2740 timoris,
489 2649 584 2750 fugae
601 2649 709 2746 ple'na.
733 2649 836 2735 adeo,
853 2668 914 2741 ut,
939 2674 1049 2748 quum
1060 2648 1177 2722 Caesar

141 2745 241 2847 ligna
256 2742 462 2846 fugientium
473 2771 576 2820 manu
586 2746 829 2844 prehenderet,
844 2748 882 2821 ὅ(
893 2745 1181 2843 consisterejube·

144 2866 217 2931 ret,
239 2840 320 2936 alii,
337 2841 472 2920 dimissis
489 2844 608 2946 equis,
623 2842 773 2920 eundem
791 2842 927 2948 cursum
944 2841 1180 2931 conficerent:

1121 2939 1181 3013 alii

179 3066 202 3102 1.
221 3053 532 3119 Eaparre,qeeaprereebar]
548 3057 652 3104 vette—
681 3054 790 3116 conflirlr3
807 3052 849 3104 ubi
863 3067 911 3102 nos
925 3053 1003 3118 plura.
1030 3048 1081 3100 adi
1096 3051 1122 3102 be
1141 3049 1182 3100 ri·

145 3117 204 3170 dirt.
221 3133 335 3185 exparte,
352 3137 378 3167 ere
396 3137 440 3185 qrea
453 3121 577 3184 proruebat.
597 3122 651 3170 MS.
681 3135 737 3170 rum
751 3117 913 3169 clarissimum
930 3119 980 3176 Jae.
993 3119 1129 3165 arenarium
1147 3114 1182 3166 ad

146 3190 241 3236 darcon.
258 3199 367 3250 exparte,
385 3202 452 3249 quam
465 3187 578 3248 proruebat
587 3203 596 3242 3
605 3200 651 3234 un·
684 3189 785 3235 (lenonis
800 3183 831 3234 de
843 3184 898 3235 rin.
915 3180 962 3234 lib.
983 3198 1005 3232 1.
1022 3197 1093 3232 num.
1104 3197 1183 3235 xxxx.

107 3264 125 3298 a
144 3250 180 3301 de
199 3251 236 3300 vir
257 3253 303 3302 ille
330 3248 496 3302 dobiffimos·
509 3251 610 3318 reponit
624 3267 651 3297 eae
680 3255 775 3302 Deviee.

141 3330 233 3382 parte,
256 3334 323 3383 quam
337 3329 459 3382 prerrrerat.
485 3319 539 3367 Ms.
558 3321 648 3367 Nervis.
714 3334 739 3369 2.
759 3319 1019 3384 Eodemqueuerrerarrt,
1035 3316 1186 3380 receptuieerr·

146 3383 278 3447 vulgatam
293 3383 431 3435 lestiouem
446 3378 547 3447 servat,
561 3397 593 3432 ex
602 3396 652 3449 qua
677 3385 793 3447 [alebant]
809 3387 840 3433 ln
854 3377 909 3433 mss.
919 3381 1007 3443 cujac.
1016 3396 1040 3431 v.
1050 3397 1072 3431 e.
1084 3379 1186 3436 nolito,

147 3461 239 3499 tamen
251 3446 348 3500 sensum
365 3461 507 3514 congruum
521 3444 650 3514 exsculpe·
680 3453 733 3500 Pet.
750 3451 831 3500 relat.
850 3464 879 3500 ae
894 3453 974 3513 Bong.
993 3446 1028 3497 est
1044 3449 1135 3512 rereprai
1145 3446 1188 3506 fibi

145 3529 177 3565 te
197 3527 304 3579 nequeo.
327 3513 414 3567 credo
431 3531 457 3561 ea
469 3525 532 3577 parte
555 3513 651 3580 (muni-
682 3516 825 3578 consulebant.
843 3512 980 3571 Emendo,
995 3526 1077 3578 recepere
1089 3514 1189 3572 fibicea-
1273 3550 1278 3562 .

145 3580 229 3631 rionis
248 3575 352 3652 scilieet)
369 3596 414 3647 qua
427 3578 559 3643 proruebat:
574 3595 601 3630 ut
618 3577 650 3630 iit
677 3583 784 3645 salebere.
802 3585 873 3630 Nam
888 3576 958 3647 quod
974 3577 1006 3629 ab
1025 3580 1152 3645 scaligero
1161 3591 1189 3625 e·
1295 3583 1298 3586 ’

144 3641 345 3708 flellenismus,
367 3644 458 3712 quales
472 3646 501 3692 in
517 3645 592 3697 bouis
608 3660 651 3694 au·
681 3646 763 3698 ditum
778 3651 868 3710 recepreer'
876 3647 1010 3708 consulebant
1028 3660 1081 3693 non
1091 3641 1189 3709 probo:

145 3710 260 3764 &oribus
280 3727 333 3764 non
349 3707 449 3763 desunt.
484 3709 569 3762 Hirtius
586 3712 652 3763 Bell.
681 3727 728 3765 nee
751 3711 785 3763 iic
812 3714 926 3765 locutum
953 3724 1110 3778 quemquam
1127 3704 1191 3766 scio,
1215 3776 1217 3780 Ι

145 3775 229 3830 afric.
246 3792 302 3846 cap.
313 3795 370 3829 xer.
384 3782 443 3828 laea
454 3780 512 3832 leco,
529 3792 580 3845 quo
587 3781 653 3842 paal·
683 3786 720 3834 υ.
732 3785 761 3834 Ve
777 3795 820 3832 rere.

140 3847 170 3901 a·
189 3857 242 3897 aare
261 3845 457 3909 rememoravi,
480 3857 533 3896 aare
554 3844 654 3912 oppidem
696 3856 698 3860 ·
793 3875 796 3879 -
847 3911 872 3960 a

880 3922 933 3967 Η
