2616 4462
203 303 280 382 422
431 232 1055 367 C.J.Cmsnn'1sCouunur.

125 418 154 457 ⁴-
205 401 242 470 in
266 389 442 468 tumulum
460 391 635 464 Afraniani
659 411 849 472 venerant,
872 392 976 464 nostri
995 389 1235 489 repelluntur}

205 505 336 592 atque,
358 491 430 564 aliis
450 487 628 562 summissis
644 487 817 573 subsidiis,
843 508 937 587 terga
954 510 1108 582 vertere,
1132 491 1235 593 seque

205 596 246 664 ad
262 590 355 687 ligna
370 589 548 687 legionum
560 587 707 682 recipere
724 604 912 684 coguntur.

162 732 178 778 1
251 677 393 762 XLIV.
418 688 619 758 Genusetat
633 707 761 782 pugnae
773 683 923 754 militum
940 681 1095 770 illorum,
1111 696 1235 761 uerna&
1295 746 1299 753 .

204 809 275 883 gno
288 787 419 878 impetu
436 784 549 879 ptimo
557 801 819 879 procurrerent,
836 779 995 855 audasier
1008 780 1121 855 locum
1137 808 1235 881 eape-

41 941 52 959 .
78 903 83 911 ·
157 925 182 974 2
206 905 300 965 rent,
327 881 464 953 ordines
481 880 558 951 suos
576 902 647 951 non
664 903 873 976 magnopere
892 878 1083 971 servarent,
1105 881 1166 952 rari
1180 882 1235 956 di·
1281 883 1282 886 ’

205 979 376 1077 sperfique
395 996 608 1074 pugnarent3
632 975 656 1046 fi
674 995 931 1071 premerentur,
954 977 1077 1074 pedem
1088 975 1233 1071 referre,

205 1080 243 1150 &
258 1076 336 1149 loco
351 1080 516 1147 excedere
533 1098 604 1145 non
620 1095 720 1169 turpe
729 1070 977 1158 existimarent,
1002 1097 1084 1145 curn
1102 1073 1235 1149 Lustra·

205 1176 279 1261 nis,
303 1173 449 1269 reliquis
467 1196 510 1244 ue
524 1170 672 1243 barbaris
688 1194 812 1268 genere
820 1171 969 1268 quodam
987 1193 1116 1270 pugnae
1132 1173 1239 1247 assire·

158 1308 179 1388 3
205 1270 306 1342 fusii:
333 1272 428 1363 quod
443 1198 516 1343 lere
530 1269 597 1358 fit,
621 1269 748 1367 quibus
763 1269 909 1366 quisque
922 1269 958 1340 in
974 1267 1056 1341 loeis
1074 1269 1173 1344 miles
1185 1271 1240 1345 in·

207 1369 401 1458 veteravit,
420 1367 471 1446 uti
490 1367 641 1439 multum
658 1390 774 1437 earum
790 1368 972 1464 regionum
991 1365 1239 1441 consuetudine

67 1486 69 1490 ·
156 1503 182 1578 4
207 1487 398 1538 moveatur.
424 1466 636 1537 Haectamen
651 1464 736 1535 ratio
761 1480 772 1512 1
792 1464 925 1536 nostros
935 1463 1113 1558 perturbat
1126 1464 1239 1539 insue-

207 1584 258 1634 tos
276 1563 377 1660 hujus
391 1587 531 1661 pugnae.
557 1559 830 1633 circumirienim
844 1559 910 1635 sese
919 1561 964 1632 ab
977 1582 1097 1657 aperto
1113 1560 1254 1651 latere,

205 1660 489 1754 procurrentibus
505 1658 947 1757 singulismrbitrabantur:
965 1655 1237 1755 ipfiautemsuos

204 1757 342 1830 ordines
358 1756 488 1828 servate
511 1781 623 1852 neque
636 1754 679 1827 ab
701 1755 801 1854 fignis
820 1754 1016 1845 discedere,
1038 1779 1150 1852 neque
1166 1755 1237 1830 fine

205 1855 301 1950 gravi
319 1854 427 1926 causs'a
444 1878 522 1927 eum
534 1854 672 1944 locum,
690 1876 795 1947 quem
813 1874 991 1948 ceperant,
1014 1852 1142 1924 dimitti
1156 1876 1239 1928 een-

157 1985 182 2062 5
207 1953 339 2025 lucrant
354 1973 524 2049 oportere.
555 1947 1162 2047 Itaque‚perturbatisantefignanis,
1187 1948 1238 2023 le·

205 2050 286 2147 gio,
310 2049 436 2146 quaein
451 2074 492 2120 eo
511 2072 620 2120 cornu
637 2047 855 2137 constiterat,
880 2047 1088 2137 loeumnon
1106 2047 1238 2140 tenuit,

205 2169 309 2243 atque
325 2148 360 2217 in
376 2146 574 2244 proximum
591 2145 715 2216 collem
727 2144 792 2216 sese
809 2145 946 2239 recepit.

163 2282 178 2328 ι
253 2244 377 2317 XLV.
400 2242 516 2314 Caesar
530 2266 616 2339 pene
631 2241 725 2314 omni
739 2242 808 2313 acie
823 2242 1020 2338 perterrita,
1044 2239 1139 2341 quod
1149 2264 1240 2338 prae·

207 2361 258 2412 ter
274 2341 472 2434 opinionem
491 2338 842 2435 consuetudinemque
866 2340 1058 2430 acciderat,
1079 2339 1242 2411 cohorta-

206 2460 262 2509 tus
278 2438 375 2526 suos,
399 2436 568 2534 legionem
584 2436 782 2509 rxsubsrdio
792 2436 909 2519 ducit:
938 2437 1068 2510 hoilem
1086 2434 1239 2509 insolen-

205 2556 284 2622 ter,
308 2555 412 2631 atque
436 2535 561 2608 acriter
579 2550 594 2582 2
612 2535 745 2606 nostros
764 2532 998 2630 insequentem
1022 2533 1235 2630 supprimit,

205 2632 386 2730 rursusque
402 2652 497 2728 terga
513 2652 664 2714 vertere,
688 2631 788 2728 seque
797 2631 837 2700 ud
846 2631 1015 2728 oppidum
1024 2630 1171 2703 Ilerdam
1182 2654 1234 2704 re·

74 2794 80 2802 .
158 2766 182 2817 2
206 2730 335 2828 cipere,
360 2730 397 2802 ὃ(
414 2728 476 2800 sub
492 2752 593 2801 muro
610 2728 789 2800 consistere
804 2728 910 2827 cogit.
943 2729 1009 2802 Sed
1031 2754 1074 2800 rx
1092 2726 1235 2825 legionis

204 2829 329 2900 milites
345 2827 423 2897 elati
446 2826 587 2915 studio,
611 2826 696 2898 dum
714 2824 830 2897 sarcire
855 2846 1032 2923 acceptum
1051 2826 1237 2898 detrimen-

205 2944 279 2996 tum
298 2923 447 3013 volunt,
471 2944 598 2996 temere
613 2922 755 2994 insecuti
770 2919 966 3020 fugientes,
990 2922 1026 3016 in
1042 2924 1158 2996 locum
1170 2920 1236 2994 ini·

204 3047 312 3117 quum
330 3021 622 3120 progrediuntur,
645 3018 755 3092 &sub
765 3039 936 3102 montem,
962 3020 1079 3118 inquo
1093 3040 1240 3118 erotop-

157 3152 176 3232 3
204 3120 322 3213 pidum
333 3122 500 3214 positum,
518 3117 713 3190 succedunt.
742 3116 861 3190 hincse
877 3117 1146 3215 reciperequum
1162 3117 1239 3190 vel-

202 3219 300 3309 lent,
326 3216 441 3288 rursus
455 3215 506 3286 illi
522 3239 566 3288 ex
583 3216 662 3290 loco
681 3214 854 3316 superiore
871 3215 1005 3289 nostros
1021 3214 1235 3384 premeppnt.

1170 3335 1236 3384 rae-

237 3457 258 3491 1.
275 3442 361 3503 Nostros
376 3439 512 3502 perturbat]
538 3442 591 3488 Ms,
608 3437 700 3488 Norvr'c¹
735 3436 795 3487 libri
810 3452 865 3503 cap.
875 3454 946 3492 va1.
964 3449 997 3490 Ne
1013 3443 1040 3490 ab
1054 3439 1151 3504 equitatu
1167 3441 1239 3498 Casa.

201 3506 278 3556 lrabet
293 3508 372 3566 nostros
385 3506 522 3567 perturbavit
538 3523 546 3563 3
563 3506 630 3568 quod
648 3512 702 3551 me·
736 3509 766 3552 ris
783 3509 806 3552 in
822 3505 924 3565 angustiis
940 3521 1075 3562 tenerentur,
1092 3507 1134 3551 iter
1148 3505 1239 3569 suppri-

200 3573 249 3621 lius
267 3571 384 3622 convenit
400 3585 455 3619 cum
471 3587 502 3620 eo
518 3607 527 3630 ,
543 3571 610 3638 quod
620 3570 702 3634 sequi·
734 3585 804 3619 munt.
838 3569 875 3617 Sic
898 3575 924 3622 δι
942 3579 1029 3624 Hirtia,
1051 3569 1098 3622 lib,
1116 3575 1239 3622 v111,1;⁴

200 3650 240 3686 tur
253 3643 360 3687 circumiri
374 3648 429 3684 emm
441 3640 547 3702 serperto
561 3641 627 3686 latere
642 3637 701 3683 arli-
735 3640 768 3684 G.
787 3650 841 3699 cap.
860 3651 933 3689 xrrr.
970 3647 1006 3689 Ea
1025 3641 1094 3687 vineis
1117 3637 1144 3688 d*
1160 3651 1238 3700 aggere

199 3707 322 3754 trudamur.
339 3704 441 3753 DaVleS.
730 3703 839 3765 suppreffa
853 3699 932 3764 lelt,
950 3722 1004 3785 qua
1019 3705 1054 3782 ab
1068 3704 1101 3780 fis
1108 3715 1181 3762 “ant
1194 3716 1239 3772 ‘a

233 3789 257 3821 2.
284 3771 369 3830 Nostros
393 3773 535 3835 insequentem
557 3771 698 3834 supprimit]
732 3780 813 3835 “nih
844 3769 916 3835 Idm,¹
1087 3772 1100 3777 ’
1247 3788 1252 3799 .

196 3837 348 3907 septime,
369 3849 490 3892 moratur.
509 3837 578 3907 cester
593 3832 697 3908 liujusee
