2616 4462
161 260 240 347 434
301 266 307 275 ’
387 243 434 320 C.
458 245 489 341 J.
512 244 592 318 Cra
609 267 736 322 sanis
758 244 1014 330 conanae.

163 394 233 468 que
257 386 268 421 ¹
288 366 471 464 imperium
491 366 634 441 absentis
655 368 848 460 timebant:
883 399 963 471 quae¹
991 378 1027 450 in
1048 379 1200 459 amicitia

164 464 373 556 manserant,
397 467 554 562 Pompcji
570 468 700 566 magnis
715 465 844 542 all'edtae
863 471 1124 551 beneficiiscum
1141 483 1199 556 di-

165 563 339 664 ligebant:
359 563 625 637 Caelatisautem
639 564 831 638 inbarbaris
845 589 915 641 erat
929 595 1054 644 nomen
1071 575 1197 650 obseu-

164 666 245 734 rius.
270 682 285 714 2
305 662 402 734 Hinc
420 685 562 758 magnos
579 663 774 758 equitatusq
790 688 980 764 magnaque
993 673 1118 742 auxilia
1131 698 1196 750 ex.

165 758 380 857 spedlabantr
403 761 439 832 dt
456 758 521 831 luis
537 759 619 830 locis
634 760 764 832 bellum
782 760 816 832 in
836 765 982 838 hiemem
999 768 1120 842 ducere
1133 795 1197 844 co·

114 875 140 954 4
162 853 325 956 gitabant.
353 857 435 928 Hoc
447 855 531 928 inito
548 856 711 939 confilio,
736 878 811 929 toto
822 859 965 934 flumine
982 863 1080 939 Ibero
1092 892 1196 944 naves

99 944 104 958 ’
163 956 369 1051 conquirere
388 1010 398 1042 ‚
422 956 458 1026 dc
475 953 683 1051 Oblogcsam
700 955 822 1026 adduci
834 959 974 1054 jubent.
996 961 1030 1034 id
1044 985 1112 1036 etat
1128 991 1195 1063 op·

163 1053 284 1151 pidum
297 1052 444 1148 politum
464 1053 504 1122 ad
517 1050 654 1122 Iberum
667 1108 678 1140 ‚
703 1053 875 1150 milliaque
886 1056 1042 1152 pass'uum
1053 1060 1073 1132 ὲ
1083 1063 1194 1136 castris

100 1226 103 1237 ,
163 1150 278 1222 aberat
294 1173 355 1223 xx.
379 1151 419 1220 ad
436 1174 516 1241 eum
540 1149 654 1219 Iocum
674 1149 825 1221 flumina
841 1166 859 1237 ‚'
876 1155 1021 1229 navibus
1038 1158 1195 1255 junffisg

165 1267 309 1344 pontem
339 1244 482 1341 imperat
498 1245 601 1318 fieri:
629 1246 848 1344 legionesque
878 1275 922 1321 ιι
947 1252 1078 1328 fldmen
1100 1257 1198 1331 Sico-

165 1345 230 1416 rim
243 1339 466 1417 transducunt
476 1370 486 1431 3
502 1342 673 1440 castraque
691 1346 854 1418 muniunt
869 1349 961 1421 va'IIo
970 1349 1095 1448 pedum
1108 1378 1151 1441 ιιι
1164 1379 1197 1428 ι.

92 1495 95 1499 ‚
121 1479 136 1529 1
213 1441 332 1514 LXII.
357 1442 482 1536 Quare
498 1466 556 1536 per
572 1441 804 1538 exploratores
821 1446 976 1544 cognita,
1000 1447 1199 1524 summula·

166 1538 250 1612 bore
265 1540 414 1612 militurn
425 1538 561 1624 Caefirr,
579 1538 781 1613 continuato
790 1541 879 1615 diem
890 1542 1095 1642 noblemque
1110 1571 1197 1643 ope-

165 1661 202 1709 re
218 1638 254 1709 in
271 1637 416 1709 flumine
432 1637 637 1727 avertendo,
661 1637 808 1734 hucjam
830 1662 899 1709 rem
921 1640 1129 1727 deduxerat,
1153 1666 1196 1720 ut

165 1736 318 1833 equites,
340 1734 399 1807 etsi
417 1734 622 1823 difficulter,
637 1752 741 1830 atque
757 1756 848 1845 aegre
864 1734 985 1822 fiebat,
1000 1740 1135 1835 pollent
1146 1761 1198 1815 ta·

118 1865 143 1915 2
167 1831 691 1930 men‚atqueaudcrentllumen
707 1840 866 1920 tranlrre3
891 1835 1197 1932 pediterverotan-

167 1933 351 2003 tummodo
361 1931 510 2002 humeris
520 1946 576 2001 ac³
596 1927 1195 2032 summopedoreexstare;&quum

165 2026 345 2100 altitudine
359 2052 475 2124 aquae,
488 2050 563 2101 tum
578 2025 678 2099 etiam
694 2026 869 2122 rapiditate
879 2026 1198 2124 fluminisadtrans·

118 2152 141 2234 3
165 2126 318 2198 cundum
339 2124 676 2222 nonimpedirentur.
694 2124 759 2197 Sed
771 2127 1014 2201 tameneodem
1026 2127 1097 2203 fere
1106 2149 1197 2203 tetn-

166 2236 250 2318 pore
265 2223 394 2317 ponsin
408 2216 770 2318 Iberopropeeffedlus
785 2221 1031 2313 nunciabatur3
1054 2226 1197 2302 &insi-

32 2398 39 2421 .
164 2321 238 2393 cori
256 2321 382 2392 vadum
401 2319 638 2413 reperiebatur.
705 2342 706 2346 ¹

121 2449 136 2499 1
215 2418 356 2492 LXIII.
380 2417 454 2510 Janr
473 2440 556 2488 vcro
564 2442 606 2490 eo
615 2416 721 2515 magis
736 2415 786 2487 illi
797 2417 1035 2491 maturandum
1051 2418 1117 2494 iter
1125 2420 1197 2495 exi·

166 2514 360 2595 stimabattt.
395 2514 515 2610 Itaque
539 2538 583 2585 ιι
613 2513 832 2586 auxiliaribus
855 2514 1057 2590 cohortibus
1072 2518 1197 2591 Ilerdae

165 2605 323 2710 praelidio
340 2610 494 2701 relictis,
517 2611 680 2684 omnibus
694 2610 801 2708 copiis
815 2611 962 2685 Sicorim
987 2615 1162 2688 transeunt
1183 2671 1196 2706 ‚

165 2715 204 2784 &
228 2734 308 2784 cunr
348 2734 405 2781 ιι
435 2708 663 2808 legionibus,
697 2732 780 2807 quas
815 2706 1046 2808 superioribus
1076 2711 1198 2785 diebus

1064 2881 1067 2886 .
1088 2810 1197 2880 trans-

60 2967 62 2971 λ
201 2924 224 2959 ι.
242 2912 358 2972 Imperium
374 2910 463 2969 absentis
480 2908 605 2964 timebant]
620 2905 664 2953 Hi-
697 2903 744 2952 boc
761 2917 788 2953 ut
803 2906 928 2971 equitatus
943 2922 995 2956 vox
1014 2907 1042 2957 iu
1059 2907 1153 2971 plurall
1168 2923 1198 2957 u-

166 2972 297 3025 ssoriarum
323 2976 396 3040 periti
428 2971 487 3022 satis
519 2970 665 3035 intelligunt
697 2968 814 3034 surpetur.
831 3026 833 3031 ‚
848 2977 882 3022 D.
895 2973 982 3036 ἥψω.

167 3044 313 3106 Pompeium
331 3041 463 3096 denotari,
479 3041 593 3104 quicum
610 3041 665 3084 Me·
728 3039 808 3098 Ibin]
824 3042 921 3091 Rarum
938 3035 1020 3089 riserit
1041 3042 1076 3087 D.
1095 3039 1198 3100 Voffiur,

167 3108 232 3155 tello
248 3105 344 3157 bellum
362 3108 530 3156 Sertorianum
547 3100 665 3152 confecit.
696 3115 721 3150 ut
739 3109 847 3167 equitatus
867 3118 917 3152 vox
933 3105 962 3154 ln
986 3104 1080 3167 plurali
1097 3101 1198 3169 usurpe-

166 3173 232 3222 Vide
255 3175 320 3223 inter
344 3176 408 3222 alios
435 3175 525 3220 Florum
549 3167 592 3218 lib.
612 3184 665 3216 ιιι,
696 3183 742 3216 rur.
779 3171 886 3234 scriptor
902 3181 990 3218 tamen
1016 3167 1048 3216 de
1069 3170 1132 3218 uell.
1151 3173 1199 3219 Hi·

167 3255 221 3304 cap.
241 3255 317 3289 xxrr.
344 3245 439 3288 Durum
461 3252 548 3287 tamen
564 3233 598 3284 est
616 3268 623 3291 ,
641 3248 666 3282 ut
696 3232 764 3297 span.
781 3248 834 3299 cap.
858 3250 961 3286 ιιιιιινι.
978 3235 1110 3282 Pedaratibm
1126 3237 1153 3287 (φ
1173 3255 1198 3284 ρ-

166 3321 262 3354 nomen
278 3304 343 3354 illud
356 3305 404 3353 hoc
420 3307 447 3352 in
462 3306 521 3352 Ioco
538 3299 666 3350 subaudiu-
696 3301 812 3362 quitatibus
828 3303 858 3349 ad
872 3301 1039 3366 persequendum
1052 3301 1198 3353 celeriterieer

166 3383 223 3429 tur,
240 3388 297 3423 cum
314 3370 345 3419 de
361 3371 480 3435 Pompeio
491 3369 605 3434 proxime
615 3381 667 3414 non
693 3367 784 3425 ,facient
800 3370 879 3415 Florus
894 3365 939 3418 lib.
960 3380 1016 3415 ιιι.
1036 3378 1090 3430 cap.
1110 3380 1153 3424 ιιι,
1173 3378 1197 3420 ι.

167 3450 265 3503 agatur.
284 3444 326 3488 An
342 3472 350 3495 ,
373 3452 434 3485 voce
450 3430 616 3499 transpolita,
631 3428 667 3480 le'·
696 3435 752 3478 Tam
761 3431 807 3490 fine
823 3430 1017 3493 moracircrrmfufi
1027 3433 1122 3497 undique
1136 3438 1197 3498 eqni·

160 3503 279 3569 gendum
295 3507 412 3567 Imperium
428 3503 518 3563 absentis
528 3502 623 3563 Pompeii
636 3502 665 3544 ti·
693 3511 760 3546 rarus.
778 3504 843 3548 Item
858 3500 912 3550 alil.
945 3500 1038 3545 Davier.

166 3572 276 3617 mebant.-
299 3587 344 3634 qua
361 3574 383 3615 in
400 3571 495 3615 amicitia
516 3568 665 3626 manserant,
728 3581 751 3619 3.
777 3568 866 3612 Summo
881 3568 962 3629 pellere
981 3562 1087 3625 exstare]
1109 3566 1196 3628 Synta·

164 3640 249 3698 magnis
256 3635 334 3698 offerta
340 3634 439 3693 beneficiis
448 3637 497 3684 &e
509 3636 602 3682 Icerte
613 3630 665 3677 ela·
694 3645 756 3678 xeos
772 3633 839 3683 tatto
852 3631 949 3681 videtur
966 3626 1106 3696 postulare,
1123 3631 1196 3679 urle·

167 3702 218 3750 rior
236 3703 317 3751 multo
328 3705 354 3752 δι
371 3696 663 3765 apertIorfitsententia.
694 3709 767 3762 gatar
782 3698 888 3759 exstarent
903 3733 911 3756 ‚
927 3693 1143 3763 quemadmodum
1157 3711 1196 3744 re·

165 3769 261 3817 Davr'cs.
694 3760 844 3826 presentant
854 3764 928 3818 editt.
946 3770 1013 3832 Rom.
1026 3767 1078 3819 Vm.
1095 3762 1197 3821 urrato.

197 3850 222 3885 2.
239 3836 296 3887 Hine
308 3850 395 3901 magnos
412 3834 545 3902 equitatur]
567 3833 667 3882 Rarum
691 3827 774 3883 Idem.
1221 3846 1225 3853 ¹
