2616 4462
294 251 357 309 tau
379 230 544 307 nereo
568 222 839 306 Atnrcano.
1037 237 1114 342 '717
1206 282 1223 346 '.

59 360 201 466 'gnandd
222 379 293 436 erat
310 379 554 450 commorata,
578 358 741 468 onustam·
763 358 939 460 remigum
959 363 1110 464 epibata.

62 485 211 560 rumque
228 460 339 561 cepit:
366 459 512 554 reliquae
530 480 633 530 naves
653 456 805 531 hostium
824 466 1107 557 promontorium
1131 466 1160 568 5

61 560 297 658 superarunt,
320 577 425 657 atque
442 557 680 629 Adrumetum
700 555 736 628 in
758 555 962 631 Cothonem
979 559 1012 634 se
1028 564 1106 639 uni.
1154 553 1159 570 ’

61 656 166 732 versae
182 655 420 730 contulerunt.
437 653 553 729 Caesar
566 653 692 726 eodem
702 673 811 728 vento
824 660 1105 754 promontorium
1130 659 1157 748 6

61 757 219 853 superare
242 778 313 826 non
330 752 448 850 potuit
466 809 477 838 ,
502 772 606 849 atque
622 750 658 823 in
677 749 744 823 salo
761 753 797 824 in
812 755 969 829 anchoris
982 780 1020 830 ea
1040 784 1106 832 no·

60 852 384 942 decemminas,
409 849 519 948 prima
529 849 607 922 luce
619 849 853 924 Adrumetum
871 852 1023 943 accedit;
1038 856 1106 929 ibi·
1134 936 1138 945 ,

60 975 130 1050 que
149 948 294 1022 navibus
309 948 500 1040 onerariis,
524 971 604 1044 quae
633 967 729 1020 erant
752 969 850 1021 extra
874 949 1106 1042 Cothonem,

60 1044 233 1137 incenfis,
257 1045 487 1145 omnibusque
504 1042 647 1141 reliquis
663 1043 735 1117 aliis
754 1066 814 1119 aut
831 1045 1028 1144 subdudiis,
1044 1074 1106 1128 aut

60 1146 97 1219 in
120 1143 323 1218 Cothonern
342 1140 558 1242 compulsis,
582 1141 767 1241 paullisper
786 1166 1021 1222 commoratus
1041 1206 1053 1238 ,
1076 1149 1104 1224 fi

60 1242 151 1316 forte
172 1242 302 1316 vellent
316 1242 415 1316 clasii:
423 1241 607 1331 dimicare,
622 1239 737 1314 rursus
744 1238 777 1313 se
793 1244 968 1342 recepitin
984 1245 1103 1322 castra.

111 1339 251 1414 LXIV.
274 1342 316 1414 In
331 1365 368 1413 ea
385 1363 472 1414 nave
487 1337 665 1438 captusest
683 1339 726 1413 Ρ.
739 1338 897 1435 Vestrius
906 1367 1010 1440 eques
1020 1346 1112 1433 Ros
1128 1365 1151 1436 ι

62 1461 202 1523 manus,
228 1440 264 1513 &
290 1456 300 1489 ¹
320 1440 360 1512 Ρ.
378 1436 542 1538 Ligarius
560 1433 783 1527 Afranianus3
807 1461 911 1532 quem
930 1440 1046 1514 Caesar
1064 1443 1102 1518 in
1119 1519 1123 1528 ,

60 1534 318 1635 Hispaniarum
335 1536 475 1635 reliquis
489 1532 680 1624 dimiserat,
705 1536 743 1610 &
759 1535 873 1631 postea
887 1537 920 1611 se
934 1539 977 1612 ad
993 1542 1102 1615 Pom·
1222 1536 1225 1541 ’

60 1634 179 1731 pojum
198 1636 392 1710 contulerat
414 1661 425 1724 3
449 1634 530 1708 inde
544 1655 588 1706 ex
603 1631 731 1729 proelio
745 1630 933 1731 effugerat,
952 1636 988 1710 in
1002 1635 1101 1711 Afri-

60 1755 206 1829 eamque
223 1733 263 1805 ad
276 1733 411 1809 Varum
430 1748 588 1816 veneram
603 1753 706 1828 quem
725 1728 774 1801 ob
789 1731 978 1829 perjurium
993 1735 1099 1832 perfi-

62 1827 152 1901 diam
182 1827 456 1928 ueCaesarjuffit
472 1827 601 1901 necari:
628 1827 669 1901 P.
685 1825 823 1900 Vestrio
839 1846 977 1923 autem,
1000 1835 1097 1928 quod
1120 1847 1147 1915 2'

60 1927 135 2023 ejus
156 1855 259 2000 darer
276 1929 409 2001 Romae
422 1923 601 2026 pecuniam
622 1923 822 2022 imperatam
838 1950 1098 2025 numeraverat,

60 2025 99 2097 δε
116 2025 212 2121 quod
226 2024 396 2121 ipsesuam
414 2023 558 2100 mulsam
576 2021 703 2099 Caesari
720 2022 946 2122 probaverat,
972 2025 1005 2100 se
1020 2026 1098 2102 Na·

60 2119 134 2193 srdii
152 2120 251 2194 classe
267 2144 426 2217 captum,
450 2145 559 2221 quum
576 2121 618 2194 ad
635 2145 752 2194 necem
766 2120 970 2209 duceretur,
993 2122 1098 2200 beneq

59 2217 141 2293 ficio
153 2219 238 2295 Vari
254 2220 319 2294 esse
336 2222 528 2312 servatum,
552 2218 669 2318 postea
680 2217 876 2294 facultatem
891 2218 954 2296 srbi
965 2221 1098 2299 nullam

59 2317 172 2389 datam
189 2320 404 2410 transeundi,
429 2319 579 2419 ignovit.
781 2346 784 2352 ·

106 2413 231 2488 LXV.
256 2415 319 2489 Est
339 2417 374 2490 in
392 2417 509 2491 Africa
530 2413 744 2490 consuetudo
760 2414 980 2503 incolatum.
1002 2436 1043 2493 ut
1058 2417 1095 2493 in
1123 2437 1146 2524 g

59 2513 167 2618 agris,
184 2515 220 2586 ὅ(
232 2515 393 2589 omnibus
407 2515 478 2590 l'ere
494 2512 585 2590 villis
601 2511 764 2588 subterra
780 2512 918 2613 specus,
941 2517 1096 2591 conden-
1150 2603 1152 2609 ¹

58 2607 270 2683 drfrumenti
280 2618 403 2710 gratia,
423 2613 510 2687 clam
527 2611 690 2703 habeant,
714 2613 1097 2712 atqueidpropterbel·

57 2704 90 2776 la
107 2705 275 2796 maxime,
300 2710 520 2812 hostiumque
533 2708 880 2785 subitumadventum
891 2730 1098 2812 pra-parent.

61 2801 143 2897 Qua
159 2802 248 2878 dere
265 2805 378 2882 Caesar
394 2813 518 2884 certior
532 2832 593 2906 per
609 2806 757 2881 indicem
773 2806 908 2899 sadus,
930 2808 1028 2882 tertia
1044 2808 1096 2882 vi·
1119 2822 1147 2909 2]

57 2903 139 3000 gilia
158 2902 312 3002 legiones
334 2930 372 2977 11
391 2932 471 2982 cum
485 2906 641 3003 equitatu
658 2904 765 2979 mittit
781 2903 1004 2980 &castrissuis
1016 2905 1097 2984 mil·
1128 2958 1138 2979 ,,
1209 2906 1233 2988 J

57 3001 101 3073 lia
117 3003 274 3095 pall'uurn
293 3026 327 3085 κς
347 3024 452 3103 atque
470 3004 548 3078 inde
565 3025 692 3099 magno
707 3025 855 3077 numero
874 3001 1041 3078 frumenti
1056 3012 1096 3078 o·'

58 3101 176 3174 nustos
200 3118 215 3151 2
235 3099 360 3197 recipit
374 3103 409 3175 in
425 3102 538 3176 castra.
562 3099 702 3197 Quibus
711 3098 813 3175 rebus
830 3100 999 3200 cognitis,
1021 3101 1142 3209 La··3'

57 3190 178 3274 bienus
192 3200 389 3299 progressus
404 3202 424 3275 a
439 3200 505 3276 suis
520 3197 634 3274 castris
649 3197 756 3272 millia
763 3196 919 3298 passuum
930 3223 973 3277 vt
983 3225 1015 3288 1,
1030 3224 1093 3314 per

914 3320 916 3329 .
1031 3324 1093 3401 Ju-

90 3498 114 3536 1·
132 3489 163 3535 Et
178 3491 205 3536 P.
224 3490 323 3554 ligerius
339 3490 510 3552 Afranianus]
526 3493 557 3541 ln
624 3505 648 3540 2.
665 3488 749 3559 Recipit
770 3489 899 3552 mustra]
915 3486 954 3541 Sic
969 3502 1002 3541 ex
1017 3491 1093 3541 MSto

56 3550 119 3602 veti.
138 3553 210 3602 editt.
219 3568 349 3622 perperam
365 3561 458 3627 legitur
477 3564 505 3609 P.
516 3561 555 3606 Li·
593 3558 684 3609 Norvic.
702 3554 819 3623 reposui:
836 3558 864 3607 in
878 3557 938 3608 aliia
955 3568 1010 3608 etat
1018 3561 1095 3619 recepit

52 3623 129 3680 gorius
148 3621 274 3680 Afranius.
292 3625 423 3691 Ligarium
437 3624 497 3676 ideo
515 3629 557 3673 Λ·
590 3642 614 3671 tn
627 3623 714 3685 castra,
732 3639 786 3690 quae
802 3625 880 3674 lestio
900 3625 984 3673 minus
999 3635 1094 3674 conte·

50 3687 186 3744 furtianum
200 3700 288 3744 vocat,
304 3689 373 3753 quod
387 3694 415 3741 i'n
430 3691 559 3759 Hispaniis
593 3691 632 3739 nit
648 3706 705 3741 eum
720 3689 1096 3769 verbispraesent'rstemporis,

52 3746 251 3889 apiario,
268 3756 408 3826 &rarrejo
425 3772 559 3816 meruerat.
594 3754 741 3827 quibuscum
754 3759 924 3826 coniungitur.
957 3758 1057 3814 navio.
