<?xml version="1.0" encoding="UTF-8"?>
<!DOCTYPE html PUBLIC "-//W3C//DTD XHTML 1.0 Transitional//EN"
    "http://www.w3.org/TR/xhtml1/DTD/xhtml1-transitional.dtd">
<html xmlns="http://www.w3.org/1999/xhtml" xml:lang="en" lang="en">
 <head>
  <title>
</title>
<meta http-equiv="Content-Type" content="text/html;charset=utf-8" />
  <meta name='ocr-system' content='tesseract 3.04.00' />
  <meta name='ocr-capabilities' content='ocr_page ocr_carea ocr_par ocr_line ocrx_word'/>
</head>
<body>
  <div class='ocr_page' id='page_1' title='image "./ciuliuscaesarcu00petrgoog/ciuliuscaesarcu00petrgoog_0189.png"; bbox 0 0 2616 4462; ppageno 0'>
   <div class='ocr_carea' id='block_1_1' title="bbox 182 267 1031 374">
    <p class='ocr_par' dir='ltr' id='par_1_1' title="bbox 182 267 1031 374">
     <span class='ocr_line' id='line_1_1' title="bbox 182 267 1031 374; baseline -0.011 -20"><span class='ocrx_word' id='word_1_1' title='bbox 182 284 260 374; x_wconf 77' lang='lat'>554</span> <span class='ocrx_word' id='word_1_2' title='bbox 392 268 440 345; x_wconf 91' lang='lat' dir='ltr'>C.</span> <span class='ocrx_word' id='word_1_3' title='bbox 465 271 495 366; x_wconf 85' lang='lat' dir='ltr'>J.</span> <span class='ocrx_word' id='word_1_4' title='bbox 519 267 747 344; x_wconf 70' lang='lat' dir='ltr'>Cmsnnrs</span> <span class='ocrx_word' id='word_1_5' title='bbox 773 267 1031 345; x_wconf 74' lang='lat' dir='ltr'>Commnxr.</span> 
     </span>
    </p>
   </div>
   <div class='ocr_carea' id='block_1_2' title="bbox 89 386 1287 2722">
    <p class='ocr_par' dir='ltr' id='par_1_2' title="bbox 155 386 1224 488">
     <span class='ocr_line' id='line_1_2' title="bbox 155 386 1224 488; baseline -0.011 -21"><span class='ocrx_word' id='word_1_6' title='bbox 155 482 159 487; x_wconf 19' lang='grc' dir='ltr'>ι</span> <span class='ocrx_word' id='word_1_7' title='bbox 181 415 220 466; x_wconf 90' lang='lat' dir='ltr'>to</span> <span class='ocrx_word' id='word_1_8' title='bbox 238 386 374 464; x_wconf 80' lang='lat' dir='ltr'>mill&#39;um</span> <span class='ocrx_word' id='word_1_9' title='bbox 390 390 489 488; x_wconf 84' lang='lat' dir='ltr'>adjici</span> <span class='ocrx_word' id='word_1_10' title='bbox 506 415 576 463; x_wconf 90' lang='lat' dir='ltr'>non</span> <span class='ocrx_word' id='word_1_11' title='bbox 589 389 708 488; x_wconf 76' lang='lat' dir='ltr'>pollet.</span> <span class='ocrx_word' id='word_1_12' title='bbox 734 389 818 464; x_wconf 88' lang='lat' dir='ltr'>Hoc</span> <span class='ocrx_word' id='word_1_13' title='bbox 834 390 985 464; x_wconf 86' lang='lat' dir='ltr'>consedit</span> <span class='ocrx_word' id='word_1_14' title='bbox 1002 389 1081 461; x_wconf 91' lang='lat' dir='ltr'>loco</span> <span class='ocrx_word' id='word_1_15' title='bbox 1100 446 1111 478; x_wconf 93' lang='lat'>,</span> <span class='ocrx_word' id='word_1_16' title='bbox 1136 403 1149 441; x_wconf 84' lang='lat'>¹</span> <span class='ocrx_word' id='word_1_17' title='bbox 1169 407 1224 467; x_wconf 83' lang='lat' dir='ltr'>at.</span> 
     </span>
    </p>

    <p class='ocr_par' dir='ltr' id='par_1_3' title="bbox 181 486 1184 588">
     <span class='ocr_line' id='line_1_3' title="bbox 181 486 1184 588; baseline 0 -26"><span class='ocrx_word' id='word_1_18' title='bbox 181 512 343 588; x_wconf 82' lang='lat' dir='ltr'>queeurn</span> <span class='ocrx_word' id='word_1_19' title='bbox 360 488 574 561; x_wconf 87' lang='lat' dir='ltr'>communit:</span> <span class='ocrx_word' id='word_1_20' title='bbox 601 488 787 584; x_wconf 90' lang='lat' dir='ltr'>omnesque</span> <span class='ocrx_word' id='word_1_21' title='bbox 798 487 846 559; x_wconf 91' lang='lat' dir='ltr'>ibi</span> <span class='ocrx_word' id='word_1_22' title='bbox 866 488 979 586; x_wconf 93' lang='lat' dir='ltr'>copias</span> <span class='ocrx_word' id='word_1_23' title='bbox 995 486 1184 562; x_wconf 89' lang='lat' dir='ltr'><strong>continuit.</strong></span> 
     </span>
    </p>

    <p class='ocr_par' dir='ltr' id='par_1_4' title="bbox 89 583 1220 878">
     <span class='ocr_line' id='line_1_4' title="bbox 89 583 1220 684; baseline 0.003 -28"><span class='ocrx_word' id='word_1_24' title='bbox 89 632 96 645; x_wconf 85' lang='lat'><em>.</em></span> <span class='ocrx_word' id='word_1_25' title='bbox 136 608 152 656; x_wconf 87' lang='lat'>1</span> <span class='ocrx_word' id='word_1_26' title='bbox 230 586 310 658; x_wconf 90' lang='lat' dir='ltr'>Lll.</span> <span class='ocrx_word' id='word_1_27' title='bbox 336 585 472 659; x_wconf 85' lang='lat' dir='ltr'>Eodem</span> <span class='ocrx_word' id='word_1_28' title='bbox 491 583 969 682; x_wconf 80' lang='lat' dir='ltr'>temporeduobuspracterea</span> <span class='ocrx_word' id='word_1_29' title='bbox 985 583 1069 659; x_wconf 92' lang='lat' dir='ltr'>locis</span> <span class='ocrx_word' id='word_1_30' title='bbox 1084 609 1220 684; x_wconf 88' lang='lat' dir='ltr'>pugna-</span> 
     </span>
     <span class='ocr_line' id='line_1_5' title="bbox 180 681 1218 780; baseline 0 -24"><span class='ocrx_word' id='word_1_31' title='bbox 180 705 255 756; x_wconf 92' lang='lat' dir='ltr'>tum</span> <span class='ocrx_word' id='word_1_32' title='bbox 268 682 329 755; x_wconf 87' lang='lat' dir='ltr'>est.</span> <span class='ocrx_word' id='word_1_33' title='bbox 355 707 432 754; x_wconf 89' lang='lat' dir='ltr'>nam</span> <span class='ocrx_word' id='word_1_34' title='bbox 451 681 549 779; x_wconf 89' lang='lat' dir='ltr'>plura</span> <span class='ocrx_word' id='word_1_35' title='bbox 561 681 693 754; x_wconf 89' lang='lat' dir='ltr'>castella</span> <span class='ocrx_word' id='word_1_36' title='bbox 710 683 899 780; x_wconf 87' lang='lat' dir='ltr'>Pompejus</span> <span class='ocrx_word' id='word_1_37' title='bbox 923 703 938 738; x_wconf 85' lang='lat'><em>2</em></span> <span class='ocrx_word' id='word_1_38' title='bbox 955 682 1101 780; x_wconf 89' lang='lat' dir='ltr'>pariter,</span> <span class='ocrx_word' id='word_1_39' title='bbox 1124 685 1218 756; x_wconf 89' lang='lat' dir='ltr'>disti·</span> 
     </span>
     <span class='ocr_line' id='line_1_6' title="bbox 180 779 1219 878; baseline 0.002 -26"><span class='ocrx_word' id='word_1_40' title='bbox 180 781 302 853; x_wconf 87' lang='lat' dir='ltr'>nendae</span> <span class='ocrx_word' id='word_1_41' title='bbox 312 804 431 853; x_wconf 86' lang='lat' dir='ltr'>manus</span> <span class='ocrx_word' id='word_1_42' title='bbox 446 779 575 870; x_wconf 80' lang='lat' dir='ltr'>caulla,</span> <span class='ocrx_word' id='word_1_43' title='bbox 598 799 786 852; x_wconf 85' lang='lat' dir='ltr'>tentaverat</span> <span class='ocrx_word' id='word_1_44' title='bbox 800 805 809 865; x_wconf 81' lang='lat'>3</span> <span class='ocrx_word' id='word_1_45' title='bbox 835 805 877 854; x_wconf 86' lang='lat' dir='ltr'>ne</span> <span class='ocrx_word' id='word_1_46' title='bbox 892 804 936 852; x_wconf 90' lang='lat' dir='ltr'>ex</span> <span class='ocrx_word' id='word_1_47' title='bbox 952 779 1119 876; x_wconf 88' lang='lat' dir='ltr'>proximis</span> <span class='ocrx_word' id='word_1_48' title='bbox 1128 805 1219 878; x_wconf 87' lang='lat' dir='ltr'>prae·</span> 
     </span>
    </p>

    <p class='ocr_par' dir='ltr' id='par_1_5' title="bbox 130 877 1287 1269">
     <span class='ocr_line' id='line_1_7' title="bbox 130 877 1287 974; baseline -0.002 -21"><span class='ocrx_word' id='word_1_49' title='bbox 130 893 157 954; x_wconf 61' lang='grc' dir='ltr'><strong>β</strong></span> <span class='ocrx_word' id='word_1_50' title='bbox 181 877 438 951; x_wconf 88' lang='lat' dir='ltr'>fidirssuccurri</span> <span class='ocrx_word' id='word_1_51' title='bbox 457 877 576 974; x_wconf 83' lang='lat' dir='ltr'>poll&#39;et.</span> <span class='ocrx_word' id='word_1_52' title='bbox 604 877 689 951; x_wconf 93' lang='lat' dir='ltr'>Uno</span> <span class='ocrx_word' id='word_1_53' title='bbox 705 877 784 950; x_wconf 92' lang='lat' dir='ltr'>loco</span> <span class='ocrx_word' id='word_1_54' title='bbox 802 877 983 951; x_wconf 88' lang='lat' dir='ltr'>Volcatius</span> <span class='ocrx_word' id='word_1_55' title='bbox 1001 877 1132 952; x_wconf 86' lang='lat' dir='ltr'>Tullus</span> <span class='ocrx_word' id='word_1_56' title='bbox 1148 879 1215 951; x_wconf 90' lang='lat' dir='ltr'>im·</span> <span class='ocrx_word' id='word_1_57' title='bbox 1284 928 1287 935; x_wconf 80' lang='lat'>·</span> 
     </span>
     <span class='ocr_line' id='line_1_8' title="bbox 179 973 1214 1072; baseline 0 -24"><span class='ocrx_word' id='word_1_58' title='bbox 179 996 299 1072; x_wconf 90' lang='lat' dir='ltr'>petum</span> <span class='ocrx_word' id='word_1_59' title='bbox 321 973 466 1070; x_wconf 86' lang='lat' dir='ltr'>legionis</span> <span class='ocrx_word' id='word_1_60' title='bbox 490 974 648 1047; x_wconf 89' lang='lat' dir='ltr'>sustinuit</span> <span class='ocrx_word' id='word_1_61' title='bbox 671 975 873 1048; x_wconf 88' lang='lat' dir='ltr'>cohortibus</span> <span class='ocrx_word' id='word_1_62' title='bbox 901 999 1000 1064; x_wconf 87' lang='lat'>111,</span> <span class='ocrx_word' id='word_1_63' title='bbox 1016 996 1121 1072; x_wconf 87' lang='lat' dir='ltr'>atque</span> <span class='ocrx_word' id='word_1_64' title='bbox 1140 1001 1214 1048; x_wconf 89' lang='lat' dir='ltr'>eam</span> 
     </span>
     <span class='ocr_line' id='line_1_9' title="bbox 177 1070 1216 1172; baseline 0.001 -27"><span class='ocrx_word' id='word_1_65' title='bbox 177 1073 259 1146; x_wconf 93' lang='lat' dir='ltr'>loco</span> <span class='ocrx_word' id='word_1_66' title='bbox 274 1071 419 1169; x_wconf 88' lang='lat' dir='ltr'>depulit.</span> <span class='ocrx_word' id='word_1_67' title='bbox 443 1070 551 1144; x_wconf 91' lang='lat' dir='ltr'>altero</span> <span class='ocrx_word' id='word_1_68' title='bbox 560 1071 726 1146; x_wconf 88' lang='lat' dir='ltr'>Germani</span> <span class='ocrx_word' id='word_1_69' title='bbox 743 1072 952 1144; x_wconf 85' lang='lat' dir='ltr'>munitiones</span> <span class='ocrx_word' id='word_1_70' title='bbox 969 1072 1097 1146; x_wconf 88' lang='lat' dir='ltr'>nostras</span> <span class='ocrx_word' id='word_1_71' title='bbox 1106 1073 1216 1172; x_wconf 85' lang='lat' dir='ltr'>egres-</span> 
     </span>
     <span class='ocr_line' id='line_1_10' title="bbox 177 1167 1218 1269; baseline 0.005 -29"><span class='ocrx_word' id='word_1_72' title='bbox 177 1171 224 1269; x_wconf 63' lang='lat' dir='ltr'>fi,</span> <span class='ocrx_word' id='word_1_73' title='bbox 249 1168 487 1266; x_wconf 81' lang='lat' dir='ltr'>compluribus</span> <span class='ocrx_word' id='word_1_74' title='bbox 503 1168 712 1262; x_wconf 70' lang='lat' dir='ltr'>interfeclis,</span> <span class='ocrx_word' id='word_1_75' title='bbox 738 1169 803 1244; x_wconf 85' lang='lat' dir='ltr'>sese</span> <span class='ocrx_word' id='word_1_76' title='bbox 817 1171 858 1244; x_wconf 90' lang='lat' dir='ltr'>ad</span> <span class='ocrx_word' id='word_1_77' title='bbox 869 1168 946 1243; x_wconf 90' lang='lat' dir='ltr'>suos</span> <span class='ocrx_word' id='word_1_78' title='bbox 961 1167 1155 1245; x_wconf 91' lang='lat' dir='ltr'>incolumes</span> <span class='ocrx_word' id='word_1_79' title='bbox 1164 1196 1218 1245; x_wconf 91' lang='lat' dir='ltr'>re·</span> 
     </span>
    </p>

    <p class='ocr_par' dir='ltr' id='par_1_6' title="bbox 119 1286 356 1364">
     <span class='ocr_line' id='line_1_11' title="bbox 119 1286 356 1364; baseline 0.004 -31"><span class='ocrx_word' id='word_1_80' title='bbox 119 1326 120 1333; x_wconf 74' lang='grc'>,</span> <span class='ocrx_word' id='word_1_81' title='bbox 179 1286 356 1364; x_wconf 90' lang='lat' dir='ltr'>ceperunt.</span> 
     </span>
    </p>

    <p class='ocr_par' dir='ltr' id='par_1_7' title="bbox 114 1363 1218 1754">
     <span class='ocr_line' id='line_1_12' title="bbox 114 1363 1218 1462; baseline 0.006 -32"><span class='ocrx_word' id='word_1_82' title='bbox 114 1390 118 1395; x_wconf 89' lang='lat'>·</span> <span class='ocrx_word' id='word_1_83' title='bbox 136 1380 153 1430; x_wconf 83' lang='lat'>1</span> <span class='ocrx_word' id='word_1_84' title='bbox 230 1365 329 1435; x_wconf 82' lang='lat' dir='ltr'>Llll.</span> <span class='ocrx_word' id='word_1_85' title='bbox 354 1365 488 1439; x_wconf 86' lang='lat' dir='ltr'>Itauno</span> <span class='ocrx_word' id='word_1_86' title='bbox 503 1364 608 1438; x_wconf 84' lang='lat' dir='ltr'>dievt</span> <span class='ocrx_word' id='word_1_87' title='bbox 625 1363 756 1462; x_wconf 89' lang='lat' dir='ltr'>proeliis</span> <span class='ocrx_word' id='word_1_88' title='bbox 775 1363 894 1455; x_wconf 59' lang='lat' dir='ltr'>fadis,</span> <span class='ocrx_word' id='word_1_89' title='bbox 922 1387 986 1435; x_wconf 92' lang='grc' dir='ltr'>ιιι</span> <span class='ocrx_word' id='word_1_90' title='bbox 1007 1364 1048 1436; x_wconf 93' lang='lat' dir='ltr'>ad</span> <span class='ocrx_word' id='word_1_91' title='bbox 1058 1364 1218 1462; x_wconf 89' lang='lat' dir='ltr'>Dyrrha·</span> 
     </span>
     <span class='ocr_line' id='line_1_13' title="bbox 180 1461 1216 1560; baseline 0.001 -27"><span class='ocrx_word' id='word_1_92' title='bbox 180 1461 327 1541; x_wconf 88' lang='lat' dir='ltr'>chium,</span> <span class='ocrx_word' id='word_1_93' title='bbox 356 1487 418 1534; x_wconf 89' lang='grc' dir='ltr'>ιιι</span> <span class='ocrx_word' id='word_1_94' title='bbox 445 1464 487 1535; x_wconf 92' lang='lat' dir='ltr'>ad</span> <span class='ocrx_word' id='word_1_95' title='bbox 506 1463 713 1536; x_wconf 90' lang='lat' dir='ltr'>munitiones</span> <span class='ocrx_word' id='word_1_96' title='bbox 736 1519 747 1552; x_wconf 91' lang='lat'>,</span> <span class='ocrx_word' id='word_1_97' title='bbox 772 1487 882 1560; x_wconf 93' lang='lat' dir='ltr'>quum</span> <span class='ocrx_word' id='word_1_98' title='bbox 911 1462 1037 1534; x_wconf 92' lang='lat' dir='ltr'>horum</span> <span class='ocrx_word' id='word_1_99' title='bbox 1056 1463 1216 1534; x_wconf 91' lang='lat' dir='ltr'>omnium</span> 
     </span>
     <span class='ocr_line' id='line_1_14' title="bbox 181 1559 1216 1650; baseline 0.003 -23"><span class='ocrx_word' id='word_1_100' title='bbox 181 1559 267 1629; x_wconf 89' lang='lat' dir='ltr'>ratio</span> <span class='ocrx_word' id='word_1_101' title='bbox 295 1559 504 1650; x_wconf 83' lang='lat' dir='ltr'>haberetur,</span> <span class='ocrx_word' id='word_1_102' title='bbox 534 1560 575 1632; x_wconf 86' lang='lat' dir='ltr'>ad</span> <span class='ocrx_word' id='word_1_103' title='bbox 597 1561 747 1633; x_wconf 92' lang='lat' dir='ltr'>duorum</span> <span class='ocrx_word' id='word_1_104' title='bbox 779 1560 929 1632; x_wconf 91' lang='lat' dir='ltr'>millium</span> <span class='ocrx_word' id='word_1_105' title='bbox 960 1581 1145 1641; x_wconf 88' lang='lat' dir='ltr'>numerum</span> <span class='ocrx_word' id='word_1_106' title='bbox 1170 1582 1216 1630; x_wconf 89' lang='lat' dir='ltr'>ex</span> 
     </span>
     <span class='ocr_line' id='line_1_15' title="bbox 180 1654 1217 1754; baseline -0.002 -26"><span class='ocrx_word' id='word_1_107' title='bbox 180 1655 400 1754; x_wconf 87' lang='lat' dir='ltr'>Pompejanis</span> <span class='ocrx_word' id='word_1_108' title='bbox 413 1658 567 1730; x_wconf 78' lang='lat' dir='ltr'>cecidrlle</span> <span class='ocrx_word' id='word_1_109' title='bbox 582 1656 851 1754; x_wconf 85' lang='lat' dir='ltr'>reperiebamus,</span> <span class='ocrx_word' id='word_1_110' title='bbox 864 1678 1025 1730; x_wconf 90' lang='lat' dir='ltr'>evocatos</span> <span class='ocrx_word' id='word_1_111' title='bbox 1041 1654 1217 1728; x_wconf 89' lang='lat' dir='ltr'>centurio-</span> 
     </span>
    </p>

    <p class='ocr_par' dir='ltr' id='par_1_8' title="bbox 131 1752 1270 2046">
     <span class='ocr_line' id='line_1_16' title="bbox 131 1752 1218 1850; baseline -0.007 -18"><span class='ocrx_word' id='word_1_112' title='bbox 131 1774 159 1832; x_wconf 68' lang='lat'>2</span> <span class='ocrx_word' id='word_1_113' title='bbox 184 1752 310 1850; x_wconf 90' lang='lat' dir='ltr'>nesque</span> <span class='ocrx_word' id='word_1_114' title='bbox 324 1754 533 1848; x_wconf 86' lang='lat' dir='ltr'>complures.</span> <span class='ocrx_word' id='word_1_115' title='bbox 558 1755 599 1826; x_wconf 91' lang='lat' dir='ltr'>ln</span> <span class='ocrx_word' id='word_1_116' title='bbox 610 1754 882 1828; x_wconf 89' lang='lat' dir='ltr'>eofuitnumero</span> <span class='ocrx_word' id='word_1_117' title='bbox 896 1754 1056 1828; x_wconf 90' lang='lat' dir='ltr'>Valerius</span> <span class='ocrx_word' id='word_1_118' title='bbox 1072 1752 1218 1826; x_wconf 89' lang='lat' dir='ltr'>Flaccus</span> 
     </span>
     <span class='ocr_line' id='line_1_17' title="bbox 182 1848 1218 1950; baseline 0.002 -29"><span class='ocrx_word' id='word_1_119' title='bbox 182 1848 229 1922; x_wconf 92' lang='lat' dir='ltr'>L.</span> <span class='ocrx_word' id='word_1_120' title='bbox 250 1852 361 1936; x_wconf 86' lang='lat' dir='ltr'>lilius,</span> <span class='ocrx_word' id='word_1_121' title='bbox 385 1853 458 1949; x_wconf 85' lang='lat' dir='ltr'>ejus</span> <span class='ocrx_word' id='word_1_122' title='bbox 473 1854 533 1949; x_wconf 92' lang='lat' dir='ltr'>qui</span> <span class='ocrx_word' id='word_1_123' title='bbox 545 1873 671 1950; x_wconf 84' lang='lat' dir='ltr'>praetor</span> <span class='ocrx_word' id='word_1_124' title='bbox 681 1852 794 1925; x_wconf 83' lang='lat' dir='ltr'>Afiam</span> <span class='ocrx_word' id='word_1_125' title='bbox 810 1852 1027 1926; x_wconf 88' lang='lat' dir='ltr'>obtinuerat:</span> <span class='ocrx_word' id='word_1_126' title='bbox 1045 1850 1218 1949; x_wconf 47' lang='lat' dir='ltr'>‘srgnaque</span> 
     </span>
     <span class='ocr_line' id='line_1_18' title="bbox 182 1948 1270 2046; baseline -0.003 -25"><span class='ocrx_word' id='word_1_127' title='bbox 182 1949 261 2021; x_wconf 88' lang='lat' dir='ltr'>lunt</span> <span class='ocrx_word' id='word_1_128' title='bbox 277 1950 334 2021; x_wconf 87' lang='lat' dir='ltr'>sex</span> <span class='ocrx_word' id='word_1_129' title='bbox 346 1949 502 2022; x_wconf 91' lang='lat' dir='ltr'>militaria</span> <span class='ocrx_word' id='word_1_130' title='bbox 517 1950 628 2024; x_wconf 82' lang='lat' dir='ltr'>relata.</span> <span class='ocrx_word' id='word_1_131' title='bbox 652 1949 777 2023; x_wconf 83' lang='lat' dir='ltr'>Nostri</span> <span class='ocrx_word' id='word_1_132' title='bbox 792 1975 863 2024; x_wconf 91' lang='lat' dir='ltr'>non</span> <span class='ocrx_word' id='word_1_133' title='bbox 874 1950 1021 2046; x_wconf 91' lang='lat' dir='ltr'>amplius</span> <span class='ocrx_word' id='word_1_134' title='bbox 1036 1974 1085 2021; x_wconf 90' lang='lat' dir='ltr'>xx</span> <span class='ocrx_word' id='word_1_135' title='bbox 1102 1948 1217 2020; x_wconf 90' lang='lat' dir='ltr'>omni·</span> <span class='ocrx_word' id='word_1_136' title='bbox 1268 2024 1270 2029; x_wconf 60' lang='grc'><em>,</em></span> 
     </span>
    </p>

    <p class='ocr_par' dir='ltr' id='par_1_9' title="bbox 136 2044 1217 2243">
     <span class='ocr_line' id='line_1_19' title="bbox 136 2044 1217 2144; baseline 0 -26"><span class='ocrx_word' id='word_1_137' title='bbox 136 2058 159 2140; x_wconf 75' lang='lat'>3</span> <span class='ocrx_word' id='word_1_138' title='bbox 183 2046 249 2120; x_wconf 91' lang='lat' dir='ltr'>bus</span> <span class='ocrx_word' id='word_1_139' title='bbox 265 2046 343 2119; x_wconf 86' lang='lat' dir='ltr'>sunt</span> <span class='ocrx_word' id='word_1_140' title='bbox 359 2047 491 2144; x_wconf 91' lang='lat' dir='ltr'>proeliis</span> <span class='ocrx_word' id='word_1_141' title='bbox 512 2047 700 2121; x_wconf 81' lang='lat' dir='ltr'>desiderati.</span> <span class='ocrx_word' id='word_1_142' title='bbox 732 2047 798 2122; x_wconf 87' lang='lat' dir='ltr'>Sed</span> <span class='ocrx_word' id='word_1_143' title='bbox 817 2049 852 2118; x_wconf 93' lang='lat' dir='ltr'>in</span> <span class='ocrx_word' id='word_1_144' title='bbox 877 2047 1014 2120; x_wconf 89' lang='lat' dir='ltr'>castello</span> <span class='ocrx_word' id='word_1_145' title='bbox 1031 2071 1133 2122; x_wconf 88' lang='lat' dir='ltr'>nemo</span> <span class='ocrx_word' id='word_1_146' title='bbox 1148 2044 1217 2118; x_wconf 88' lang='lat' dir='ltr'>fuit</span> 
     </span>
     <span class='ocr_line' id='line_1_20' title="bbox 184 2144 1215 2243; baseline 0.003 -28"><span class='ocrx_word' id='word_1_147' title='bbox 184 2146 329 2235; x_wconf 85' lang='lat' dir='ltr'>omnino</span> <span class='ocrx_word' id='word_1_148' title='bbox 344 2145 514 2236; x_wconf 89' lang='lat' dir='ltr'>militum,</span> <span class='ocrx_word' id='word_1_149' title='bbox 540 2144 625 2243; x_wconf 93' lang='lat' dir='ltr'>quin</span> <span class='ocrx_word' id='word_1_150' title='bbox 644 2144 903 2230; x_wconf 84' lang='lat' dir='ltr'>vulneraretur3</span> <span class='ocrx_word' id='word_1_151' title='bbox 928 2157 1149 2242; x_wconf 87' lang='lat' dir='ltr'>quatuorque</span> <span class='ocrx_word' id='word_1_152' title='bbox 1170 2169 1215 2218; x_wconf 91' lang='lat' dir='ltr'>ex</span> 
     </span>
    </p>

    <p class='ocr_par' dir='ltr' id='par_1_10' title="bbox 134 2241 1251 2632">
     <span class='ocr_line' id='line_1_21' title="bbox 134 2241 1215 2339; baseline 0.001 -27"><span class='ocrx_word' id='word_1_153' title='bbox 134 2255 162 2339; x_wconf 71' lang='lat'><strong>4</strong></span> <span class='ocrx_word' id='word_1_154' title='bbox 184 2266 251 2312; x_wconf 88' lang='lat' dir='ltr'>una</span> <span class='ocrx_word' id='word_1_155' title='bbox 265 2245 408 2315; x_wconf 85' lang='lat' dir='ltr'>cohorte</span> <span class='ocrx_word' id='word_1_156' title='bbox 426 2245 642 2317; x_wconf 89' lang='lat' dir='ltr'>centuriones</span> <span class='ocrx_word' id='word_1_157' title='bbox 662 2241 782 2315; x_wconf 92' lang='lat' dir='ltr'>oculos</span> <span class='ocrx_word' id='word_1_158' title='bbox 797 2242 990 2316; x_wconf 83' lang='lat' dir='ltr'>amiserunt.</span> <span class='ocrx_word' id='word_1_159' title='bbox 1015 2244 1078 2325; x_wconf 76' lang='lat' dir='ltr'>bt,</span> <span class='ocrx_word' id='word_1_160' title='bbox 1103 2266 1215 2338; x_wconf 88' lang='lat' dir='ltr'>quum</span> 
     </span>
     <span class='ocr_line' id='line_1_22' title="bbox 182 2337 1216 2438; baseline 0 -28"><span class='ocrx_word' id='word_1_161' title='bbox 182 2338 310 2413; x_wconf 90' lang='lat' dir='ltr'>laboris</span> <span class='ocrx_word' id='word_1_162' title='bbox 332 2339 381 2411; x_wconf 92' lang='lat' dir='ltr'>sui</span> <span class='ocrx_word' id='word_1_163' title='bbox 412 2340 625 2438; x_wconf 91' lang='lat' dir='ltr'>periculique</span> <span class='ocrx_word' id='word_1_164' title='bbox 654 2339 888 2413; x_wconf 91' lang='lat' dir='ltr'>testimonium</span> <span class='ocrx_word' id='word_1_165' title='bbox 911 2337 1032 2415; x_wconf 84' lang='lat' dir='ltr'>afferre</span> <span class='ocrx_word' id='word_1_166' title='bbox 1056 2340 1216 2429; x_wconf 89' lang='lat' dir='ltr'>vellent,</span> 
     </span>
     <span class='ocr_line' id='line_1_23' title="bbox 181 2435 1215 2534; baseline 0.003 -28"><span class='ocrx_word' id='word_1_167' title='bbox 181 2435 290 2506; x_wconf 89' lang='lat' dir='ltr'>millia</span> <span class='ocrx_word' id='word_1_168' title='bbox 313 2435 508 2534; x_wconf 84' lang='lat' dir='ltr'>sagittarum</span> <span class='ocrx_word' id='word_1_169' title='bbox 531 2438 673 2511; x_wconf 82' lang='lat' dir='ltr'>circiter·</span> <span class='ocrx_word' id='word_1_170' title='bbox 689 2461 780 2512; x_wconf 85' lang='lat' dir='ltr'>xxx</span> <span class='ocrx_word' id='word_1_171' title='bbox 804 2438 839 2509; x_wconf 93' lang='lat' dir='ltr'>in</span> <span class='ocrx_word' id='word_1_172' title='bbox 860 2436 1034 2511; x_wconf 86' lang='lat' dir='ltr'>castellum</span> <span class='ocrx_word' id='word_1_173' title='bbox 1060 2435 1215 2533; x_wconf 69' lang='lat' dir='ltr'>conjedta</span> 
     </span>
     <span class='ocr_line' id='line_1_24' title="bbox 182 2532 1251 2632; baseline 0.003 -28"><span class='ocrx_word' id='word_1_174' title='bbox 182 2532 309 2604; x_wconf 75' lang='lat' dir='ltr'>Caesari</span> <span class='ocrx_word' id='word_1_175' title='bbox 325 2553 653 2608; x_wconf 86' lang='lat' dir='ltr'>renumeraverunt:</span> <span class='ocrx_word' id='word_1_176' title='bbox 678 2533 843 2632; x_wconf 85' lang='lat' dir='ltr'>scutoque</span> <span class='ocrx_word' id='word_1_177' title='bbox 854 2534 894 2605; x_wconf 95' lang='lat' dir='ltr'>ad</span> <span class='ocrx_word' id='word_1_178' title='bbox 913 2557 993 2608; x_wconf 92' lang='lat' dir='ltr'>eum</span> <span class='ocrx_word' id='word_1_179' title='bbox 1008 2534 1114 2608; x_wconf 89' lang='lat' dir='ltr'>relato</span> <span class='ocrx_word' id='word_1_180' title='bbox 1124 2537 1217 2609; x_wconf 87' lang='lat' dir='ltr'>Scae·</span> <span class='ocrx_word' id='word_1_181' title='bbox 1248 2602 1251 2607; x_wconf 87' lang='lat'><em>.</em></span> 
     </span>
    </p>

    <p class='ocr_par' dir='ltr' id='par_1_11' title="bbox 112 2629 1215 2722">
     <span class='ocr_line' id='line_1_25' title="bbox 112 2629 1215 2722; baseline -0.002 -18"><span class='ocrx_word' id='word_1_182' title='bbox 112 2645 133 2696; x_wconf 87' lang='grc'>.·</span> <span class='ocrx_word' id='word_1_183' title='bbox 176 2653 237 2722; x_wconf 35' lang='grc' dir='ltr'>,νει</span> <span class='ocrx_word' id='word_1_184' title='bbox 254 2631 490 2719; x_wconf 84' lang='lat' dir='ltr'>centurionis,</span> <span class='ocrx_word' id='word_1_185' title='bbox 517 2653 527 2692; x_wconf 83' lang='lat'>³</span> <span class='ocrx_word' id='word_1_186' title='bbox 548 2632 686 2706; x_wconf 88' lang='lat' dir='ltr'>inventa</span> <span class='ocrx_word' id='word_1_187' title='bbox 701 2631 781 2706; x_wconf 88' lang='lat' dir='ltr'>sunt</span> <span class='ocrx_word' id='word_1_188' title='bbox 796 2633 832 2704; x_wconf 93' lang='lat' dir='ltr'>in</span> <span class='ocrx_word' id='word_1_189' title='bbox 848 2657 890 2705; x_wconf 91' lang='lat' dir='ltr'>eo</span> <span class='ocrx_word' id='word_1_190' title='bbox 907 2629 1073 2708; x_wconf 89' lang='lat' dir='ltr'>foramina</span> <span class='ocrx_word' id='word_1_191' title='bbox 1088 2657 1215 2706; x_wconf 86' lang='lat' dir='ltr'>ccxxx.</span> 
     </span>
    </p>
   </div>
   <div class='ocr_carea' id='block_1_3' title="bbox 1093 2731 1213 2827">
    <p class='ocr_par' dir='ltr' id='par_1_12' title="bbox 1093 2731 1213 2827">
     <span class='ocr_line' id='line_1_26' title="bbox 1093 2731 1213 2827; baseline 0.008 -24"><span class='ocrx_word' id='word_1_192' title='bbox 1093 2731 1213 2827; x_wconf 87' lang='lat' dir='ltr'>Quem</span> 
     </span>
    </p>
   </div>
   <div class='ocr_carea' id='block_1_4' title="bbox 96 2827 1276 3957">
    <p class='ocr_par' dir='ltr' id='par_1_13' title="bbox 96 2827 1276 3957">
     <span class='ocr_line' id='line_1_27' title="bbox 178 2827 1213 2897; baseline 0.004 -23"><span class='ocrx_word' id='word_1_193' title='bbox 178 2841 234 2892; x_wconf 71' lang='lat' dir='ltr'>¹cap.</span> <span class='ocrx_word' id='word_1_194' title='bbox 251 2843 310 2878; x_wconf 78' lang='lat' dir='ltr'>xxv.</span> <span class='ocrx_word' id='word_1_195' title='bbox 327 2833 406 2879; x_wconf 79' lang='lat' dir='ltr'>Seneca</span> <span class='ocrx_word' id='word_1_196' title='bbox 423 2831 454 2880; x_wconf 88' lang='lat' dir='ltr'>de</span> <span class='ocrx_word' id='word_1_197' title='bbox 470 2836 510 2881; x_wconf 86' lang='lat' dir='ltr'>Ira</span> <span class='ocrx_word' id='word_1_198' title='bbox 526 2828 573 2880; x_wconf 91' lang='lat' dir='ltr'>lib.</span> <span class='ocrx_word' id='word_1_199' title='bbox 583 2847 604 2882; x_wconf 88' lang='lat'>1.</span> <span class='ocrx_word' id='word_1_200' title='bbox 623 2845 677 2897; x_wconf 88' lang='lat' dir='ltr'>cap.</span> <span class='ocrx_word' id='word_1_201' title='bbox 713 2846 817 2890; x_wconf 69' lang='lat' dir='ltr'>txvrrr,</span> <span class='ocrx_word' id='word_1_202' title='bbox 834 2834 921 2880; x_wconf 80' lang='lat' dir='ltr'>Pariter</span> <span class='ocrx_word' id='word_1_203' title='bbox 936 2847 985 2879; x_wconf 79' lang='lat' dir='ltr'>curn</span> <span class='ocrx_word' id='word_1_204' title='bbox 997 2831 1069 2892; x_wconf 78' lang='lat' dir='ltr'>occasu</span> <span class='ocrx_word' id='word_1_205' title='bbox 1080 2831 1142 2893; x_wconf 77' lang='lat' dir='ltr'>solis.</span> <span class='ocrx_word' id='word_1_206' title='bbox 1160 2827 1213 2879; x_wconf 82' lang='lat' dir='ltr'>Ab·</span> 
     </span>
     <span class='ocr_line' id='line_1_28' title="bbox 180 2895 1214 2961; baseline 0.004 -19"><span class='ocrx_word' id='word_1_207' title='bbox 180 2909 221 2942; x_wconf 86' lang='lat' dir='ltr'>rx.</span> <span class='ocrx_word' id='word_1_208' title='bbox 239 2896 356 2944; x_wconf 75' lang='lat' dir='ltr'>Tormenris</span> <span class='ocrx_word' id='word_1_209' title='bbox 371 2901 588 2961; x_wconf 79' lang='lat' dir='ltr'>exprimunturrela3</span> <span class='ocrx_word' id='word_1_210' title='bbox 604 2913 681 2948; x_wconf 86' lang='lat' dir='ltr'>nemo</span> <span class='ocrx_word' id='word_1_211' title='bbox 711 2896 745 2947; x_wconf 82' lang='lat' dir='ltr'>est</span> <span class='ocrx_word' id='word_1_212' title='bbox 761 2895 820 2947; x_wconf 85' lang='lat' dir='ltr'>sane</span> <span class='ocrx_word' id='word_1_213' title='bbox 847 2913 897 2949; x_wconf 85' lang='lat' dir='ltr'>vox</span> <span class='ocrx_word' id='word_1_214' title='bbox 915 2895 930 2946; x_wconf 66' lang='lat' dir='ltr'>a</span> <span class='ocrx_word' id='word_1_215' title='bbox 945 2900 1000 2948; x_wconf 89' lang='lat' dir='ltr'>MS.</span> <span class='ocrx_word' id='word_1_216' title='bbox 1025 2902 1115 2945; x_wconf 81' lang='lat' dir='ltr'>Norvic.</span> <span class='ocrx_word' id='word_1_217' title='bbox 1143 2896 1214 2960; x_wconf 90' lang='lat' dir='ltr'>quod</span> 
     </span>
     <span class='ocr_line' id='line_1_29' title="bbox 179 2961 1213 3030; baseline 0.005 -25"><span class='ocrx_word' id='word_1_218' title='bbox 179 2972 265 3016; x_wconf 82' lang='lat' dir='ltr'>autem</span> <span class='ocrx_word' id='word_1_219' title='bbox 292 2961 371 3012; x_wconf 87' lang='lat' dir='ltr'>fando</span> <span class='ocrx_word' id='word_1_220' title='bbox 401 2965 496 3028; x_wconf 82' lang='lat' dir='ltr'>accepit</span> <span class='ocrx_word' id='word_1_221' title='bbox 515 2981 528 3020; x_wconf 90' lang='lat'>·,</span> <span class='ocrx_word' id='word_1_222' title='bbox 552 2976 680 3014; x_wconf 84' lang='lat' dir='ltr'>tormenta</span> <span class='ocrx_word' id='word_1_223' title='bbox 711 2964 777 3015; x_wconf 91' lang='lat' dir='ltr'>hanc</span> <span class='ocrx_word' id='word_1_224' title='bbox 799 2966 853 3026; x_wconf 76' lang='lat' dir='ltr'>ejus</span> <span class='ocrx_word' id='word_1_225' title='bbox 868 2962 1018 3030; x_wconf 82' lang='lat' dir='ltr'>potestatem</span> <span class='ocrx_word' id='word_1_226' title='bbox 1036 2978 1088 3012; x_wconf 86' lang='lat' dir='ltr'>uon</span> <span class='ocrx_word' id='word_1_227' title='bbox 1112 2976 1213 3026; x_wconf 82' lang='lat' dir='ltr'>caperet</span> 
     </span>
     <span class='ocr_line' id='line_1_30' title="bbox 178 3027 949 3088; baseline 0.006 -16"><span class='ocrx_word' id='word_1_228' title='bbox 178 3040 237 3081; x_wconf 74' lang='lat' dir='ltr'>eum</span> <span class='ocrx_word' id='word_1_229' title='bbox 257 3029 316 3078; x_wconf 87' lang='lat' dir='ltr'>telis</span> <span class='ocrx_word' id='word_1_230' title='bbox 338 3027 412 3088; x_wconf 88' lang='lat' dir='ltr'>fimul</span> <span class='ocrx_word' id='word_1_231' title='bbox 437 3028 485 3080; x_wconf 84' lang='lat' dir='ltr'>effe</span> <span class='ocrx_word' id='word_1_232' title='bbox 506 3027 586 3081; x_wconf 77' lang='lat' dir='ltr'>milla.</span> <span class='ocrx_word' id='word_1_233' title='bbox 628 3037 680 3078; x_wconf 63' lang='lat' dir='ltr'>Dar</span> <span class='ocrx_word' id='word_1_234' title='bbox 710 3029 845 3081; x_wconf 82' lang='lat' dir='ltr'>Librarius.</span> <span class='ocrx_word' id='word_1_235' title='bbox 881 3033 949 3085; x_wconf 79' lang='lat' dir='ltr'>Idem,</span> 
     </span>
     <span class='ocr_line' id='line_1_31' title="bbox 177 3094 1209 3158; baseline -0.004 -14"><span class='ocrx_word' id='word_1_236' title='bbox 177 3096 234 3140; x_wconf 77' lang='lat' dir='ltr'>vies.</span> <span class='ocrx_word' id='word_1_237' title='bbox 744 3104 871 3153; x_wconf 81' lang='lat' dir='ltr'>3.Invenra</span> <span class='ocrx_word' id='word_1_238' title='bbox 874 3100 929 3158; x_wconf 78' lang='lat' dir='ltr'>sunt</span> <span class='ocrx_word' id='word_1_239' title='bbox 936 3102 959 3145; x_wconf 82' lang='lat' dir='ltr'>in</span> <span class='ocrx_word' id='word_1_240' title='bbox 969 3114 990 3142; x_wconf 85' lang='lat' dir='ltr'>ro</span> <span class='ocrx_word' id='word_1_241' title='bbox 995 3094 1107 3155; x_wconf 74' lang='lat' dir='ltr'>foramina</span> <span class='ocrx_word' id='word_1_242' title='bbox 1115 3101 1209 3152; x_wconf 84' lang='lat' dir='ltr'>ccxxx]</span> 
     </span>
     <span class='ocr_line' id='line_1_32' title="bbox 213 3154 1211 3230; baseline 0.003 -27"><span class='ocrx_word' id='word_1_243' title='bbox 213 3172 235 3205; x_wconf 91' lang='lat'>1.</span> <span class='ocrx_word' id='word_1_244' title='bbox 255 3164 335 3223; x_wconf 62' lang='lat' dir='ltr'>uirque</span> <span class='ocrx_word' id='word_1_245' title='bbox 349 3179 398 3209; x_wconf 83' lang='lat' dir='ltr'>eum</span> <span class='ocrx_word' id='word_1_246' title='bbox 412 3167 544 3224; x_wconf 82' lang='lat' dir='ltr'>communit]</span> <span class='ocrx_word' id='word_1_247' title='bbox 568 3154 609 3214; x_wconf 77' lang='lat' dir='ltr'>Ob</span> <span class='ocrx_word' id='word_1_248' title='bbox 625 3177 677 3213; x_wconf 81' lang='lat' dir='ltr'>vet·</span> <span class='ocrx_word' id='word_1_249' title='bbox 710 3163 747 3212; x_wconf 86' lang='lat' dir='ltr'>Sic</span> <span class='ocrx_word' id='word_1_250' title='bbox 761 3166 860 3230; x_wconf 80' lang='lat' dir='ltr'>vulgati</span> <span class='ocrx_word' id='word_1_251' title='bbox 874 3167 900 3214; x_wconf 76' lang='grc' dir='ltr'>δι</span> <span class='ocrx_word' id='word_1_252' title='bbox 916 3162 1043 3211; x_wconf 82' lang='lat' dir='ltr'>Petaviau.</span> <span class='ocrx_word' id='word_1_253' title='bbox 1055 3157 1143 3208; x_wconf 88' lang='lat' dir='ltr'>codex.</span> <span class='ocrx_word' id='word_1_254' title='bbox 1162 3159 1211 3212; x_wconf 85' lang='lat' dir='ltr'>Sed</span> 
     </span>
     <span class='ocr_line' id='line_1_33' title="bbox 96 3219 1210 3302; baseline 0.006 -33"><span class='ocrx_word' id='word_1_255' title='bbox 96 3223 99 3231; x_wconf 91' lang='lat'>&#39;</span> <span class='ocrx_word' id='word_1_256' title='bbox 177 3219 342 3286; x_wconf 81' lang='lat' dir='ltr'>haprarenti</span> <span class='ocrx_word' id='word_1_257' title='bbox 361 3231 507 3292; x_wconf 88' lang='lat' dir='ltr'>temporis,</span> <span class='ocrx_word' id='word_1_258' title='bbox 534 3226 678 3295; x_wconf 90' lang='lat' dir='ltr'>quibuscum</span> <span class='ocrx_word' id='word_1_259' title='bbox 709 3231 761 3282; x_wconf 87' lang='lat' dir='ltr'>Pal.</span> <span class='ocrx_word' id='word_1_260' title='bbox 782 3247 842 3280; x_wconf 89' lang='lat' dir='ltr'>cxx.</span> <span class='ocrx_word' id='word_1_261' title='bbox 861 3233 887 3280; x_wconf 77' lang='grc' dir='ltr'>δι</span> <span class='ocrx_word' id='word_1_262' title='bbox 910 3232 991 3302; x_wconf 69' lang='lat' dir='ltr'>long.</span> <span class='ocrx_word' id='word_1_263' title='bbox 1008 3237 1090 3274; x_wconf 76' lang='lat' dir='ltr'>orarum</span> <span class='ocrx_word' id='word_1_264' title='bbox 1108 3241 1149 3274; x_wconf 85' lang='lat' dir='ltr'>xx.</span> <span class='ocrx_word' id='word_1_265' title='bbox 1176 3232 1210 3276; x_wconf 85' lang='lat' dir='ltr'>Er</span> 
     </span>
     <span class='ocr_line' id='line_1_34' title="bbox 176 3288 1212 3364; baseline 0.007 -29"><span class='ocrx_word' id='word_1_266' title='bbox 176 3288 227 3345; x_wconf 84' lang='lat' dir='ltr'>hoc</span> <span class='ocrx_word' id='word_1_267' title='bbox 234 3294 419 3350; x_wconf 86' lang='lat' dir='ltr'>committitur,</span> <span class='ocrx_word' id='word_1_268' title='bbox 437 3295 494 3360; x_wconf 87' lang='lat' dir='ltr'>lege</span> <span class='ocrx_word' id='word_1_269' title='bbox 504 3312 535 3344; x_wconf 85' lang='lat' dir='ltr'>ex</span> <span class='ocrx_word' id='word_1_270' title='bbox 544 3294 615 3346; x_wconf 87' lang='lat' dir='ltr'>editt.</span> <span class='ocrx_word' id='word_1_271' title='bbox 628 3302 677 3354; x_wconf 68' lang='grc' dir='ltr'>νει,</span> <span class='ocrx_word' id='word_1_272' title='bbox 707 3293 742 3345; x_wconf 86' lang='lat' dir='ltr'>src</span> <span class='ocrx_word' id='word_1_273' title='bbox 763 3291 863 3364; x_wconf 79' lang='lat' dir='ltr'>quoque</span> <span class='ocrx_word' id='word_1_274' title='bbox 879 3300 1009 3344; x_wconf 83' lang='lat' dir='ltr'>sueromus</span> <span class='ocrx_word' id='word_1_275' title='bbox 1033 3305 1115 3338; x_wconf 80' lang='lat' dir='ltr'>cerrum</span> <span class='ocrx_word' id='word_1_276' title='bbox 1131 3296 1212 3354; x_wconf 72' lang='lat' dir='ltr'>viginta</span> 
     </span>
     <span class='ocr_line' id='line_1_35' title="bbox 175 3356 1276 3420; baseline 0.007 -19"><span class='ocrx_word' id='word_1_277' title='bbox 175 3357 252 3418; x_wconf 61' lang='lat' dir='ltr'>steph.</span> <span class='ocrx_word' id='word_1_278' title='bbox 267 3364 406 3415; x_wconf 75' lang='lat' dir='ltr'>communiit,</span> <span class='ocrx_word' id='word_1_279' title='bbox 423 3362 504 3409; x_wconf 85' lang='lat' dir='ltr'>velex</span> <span class='ocrx_word' id='word_1_280' title='bbox 514 3365 567 3410; x_wconf 83' lang='lat' dir='ltr'>MS.</span> <span class='ocrx_word' id='word_1_281' title='bbox 586 3365 676 3411; x_wconf 76' lang='lat' dir='ltr'>Norvic.</span> <span class='ocrx_word' id='word_1_282' title='bbox 708 3364 782 3412; x_wconf 68' lang='lat' dir='ltr'>illilus</span> <span class='ocrx_word' id='word_1_283' title='bbox 799 3398 807 3420; x_wconf 89' lang='lat'>‚</span> <span class='ocrx_word' id='word_1_284' title='bbox 823 3364 887 3410; x_wconf 91' lang='lat' dir='ltr'>item</span> <span class='ocrx_word' id='word_1_285' title='bbox 904 3356 1002 3411; x_wconf 80' lang='lat' dir='ltr'>Celsus.</span> <span class='ocrx_word' id='word_1_286' title='bbox 1033 3363 1117 3419; x_wconf 78' lang='lat' dir='ltr'>Qrare</span> <span class='ocrx_word' id='word_1_287' title='bbox 1131 3359 1168 3407; x_wconf 88' lang='lat' dir='ltr'>ita</span> <span class='ocrx_word' id='word_1_288' title='bbox 1182 3377 1211 3410; x_wconf 87' lang='lat' dir='ltr'>e·</span> <span class='ocrx_word' id='word_1_289' title='bbox 1274 3373 1276 3379; x_wconf 90' lang='lat'>·</span> 
     </span>
     <span class='ocr_line' id='line_1_36' title="bbox 177 3420 1210 3492; baseline 0.006 -22"><span class='ocrx_word' id='word_1_290' title='bbox 177 3422 205 3478; x_wconf 64' lang='lat' dir='ltr'>dt</span> <span class='ocrx_word' id='word_1_291' title='bbox 222 3420 344 3487; x_wconf 81' lang='lat' dir='ltr'>impreffis</span> <span class='ocrx_word' id='word_1_292' title='bbox 360 3431 427 3492; x_wconf 64' lang='lat' dir='ltr'>Rom.</span> <span class='ocrx_word' id='word_1_293' title='bbox 448 3429 546 3476; x_wconf 78' lang='lat' dir='ltr'>Beroald.</span> <span class='ocrx_word' id='word_1_294' title='bbox 562 3431 679 3475; x_wconf 80' lang='lat' dir='ltr'>communi·</span> <span class='ocrx_word' id='word_1_295' title='bbox 709 3428 823 3484; x_wconf 86' lang='lat' dir='ltr'>mendo,</span> <span class='ocrx_word' id='word_1_296' title='bbox 841 3422 1082 3476; x_wconf 85' lang='lat' dir='ltr'>necsolal’lutarchi</span> <span class='ocrx_word' id='word_1_297' title='bbox 1100 3427 1210 3476; x_wconf 67' lang='lat' dir='ltr'>austori÷</span> 
     </span>
     <span class='ocr_line' id='line_1_37' title="bbox 175 3488 1211 3558; baseline 0.01 -26"><span class='ocrx_word' id='word_1_298' title='bbox 175 3491 221 3538; x_wconf 80' lang='lat' dir='ltr'>vir.</span> <span class='ocrx_word' id='word_1_299' title='bbox 240 3492 330 3538; x_wconf 82' lang='lat' dir='ltr'>Utrum</span> <span class='ocrx_word' id='word_1_300' title='bbox 346 3491 444 3558; x_wconf 81' lang='lat' dir='ltr'>eligas,</span> <span class='ocrx_word' id='word_1_301' title='bbox 461 3491 527 3544; x_wconf 86' lang='lat' dir='ltr'>nihil</span> <span class='ocrx_word' id='word_1_302' title='bbox 534 3491 619 3545; x_wconf 86' lang='lat' dir='ltr'>refert.</span> <span class='ocrx_word' id='word_1_303' title='bbox 655 3501 679 3541; x_wconf 78' lang='grc' dir='ltr'>ι,-</span> <span class='ocrx_word' id='word_1_304' title='bbox 709 3507 749 3543; x_wconf 87' lang='lat' dir='ltr'>tas</span> <span class='ocrx_word' id='word_1_305' title='bbox 768 3494 832 3544; x_wconf 85' lang='lat' dir='ltr'>mihi</span> <span class='ocrx_word' id='word_1_306' title='bbox 846 3493 912 3541; x_wconf 88' lang='lat' dir='ltr'>tanti</span> <span class='ocrx_word' id='word_1_307' title='bbox 926 3489 980 3548; x_wconf 84' lang='lat' dir='ltr'>est,</span> <span class='ocrx_word' id='word_1_308' title='bbox 996 3502 1022 3538; x_wconf 92' lang='lat' dir='ltr'>ut</span> <span class='ocrx_word' id='word_1_309' title='bbox 1032 3488 1091 3538; x_wconf 85' lang='lat' dir='ltr'>ideo</span> <span class='ocrx_word' id='word_1_310' title='bbox 1107 3494 1132 3541; x_wconf 90' lang='lat'>&amp;</span> <span class='ocrx_word' id='word_1_311' title='bbox 1151 3498 1211 3542; x_wconf 84' lang='lat' dir='ltr'>Sue-</span> 
     </span>
     <span class='ocr_line' id='line_1_38' title="bbox 138 3553 1210 3615; baseline 0.007 -16"><span class='ocrx_word' id='word_1_312' title='bbox 138 3558 140 3562; x_wconf 88' lang='grc'><strong>“</strong></span> <span class='ocrx_word' id='word_1_313' title='bbox 176 3554 234 3602; x_wconf 78' lang='lat' dir='ltr'>dcnr&#39;.</span> <span class='ocrx_word' id='word_1_314' title='bbox 709 3560 835 3615; x_wconf 85' lang='lat' dir='ltr'>tunium,</span> <span class='ocrx_word' id='word_1_315' title='bbox 861 3559 887 3607; x_wconf 76' lang='grc' dir='ltr'>δι</span> <span class='ocrx_word' id='word_1_316' title='bbox 903 3553 1008 3606; x_wconf 84' lang='lat' dir='ltr'>Celsum</span> <span class='ocrx_word' id='word_1_317' title='bbox 1024 3556 1051 3607; x_wconf 88' lang='lat' dir='ltr'>in</span> <span class='ocrx_word' id='word_1_318' title='bbox 1068 3558 1155 3607; x_wconf 86' lang='lat' dir='ltr'>mendi</span> <span class='ocrx_word' id='word_1_319' title='bbox 1172 3558 1210 3608; x_wconf 66' lang='lat' dir='ltr'>su,</span> 
     </span>
     <span class='ocr_line' id='line_1_39' title="bbox 212 3622 1210 3691; baseline 0.007 -21"><span class='ocrx_word' id='word_1_320' title='bbox 212 3639 236 3670; x_wconf 90' lang='lat'>2.</span> <span class='ocrx_word' id='word_1_321' title='bbox 256 3626 342 3668; x_wconf 77' lang='lat' dir='ltr'>Pariter</span> <span class='ocrx_word' id='word_1_322' title='bbox 356 3645 402 3664; x_wconf 88' lang='lat'>-·</span> <span class='ocrx_word' id='word_1_323' title='bbox 417 3630 564 3686; x_wconf 77' lang='lat' dir='ltr'>rmraverrr]</span> <span class='ocrx_word' id='word_1_324' title='bbox 583 3627 677 3684; x_wconf 82' lang='lat' dir='ltr'>Simul,</span> <span class='ocrx_word' id='word_1_325' title='bbox 708 3623 847 3691; x_wconf 77' lang='lat' dir='ltr'>spretorem</span> <span class='ocrx_word' id='word_1_326' title='bbox 860 3622 927 3678; x_wconf 84' lang='lat' dir='ltr'>trahi</span> <span class='ocrx_word' id='word_1_327' title='bbox 943 3624 1030 3672; x_wconf 79' lang='lat' dir='ltr'>velim·</span> <span class='ocrx_word' id='word_1_328' title='bbox 1071 3629 1105 3674; x_wconf 81' lang='lat' dir='ltr'>D.</span> <span class='ocrx_word' id='word_1_329' title='bbox 1123 3625 1210 3686; x_wconf 78' lang='lat' dir='ltr'>Vosfius.</span> 
     </span>
     <span class='ocr_line' id='line_1_40' title="bbox 175 3685 1210 3756; baseline -0.004 -15"><span class='ocrx_word' id='word_1_330' title='bbox 175 3685 270 3741; x_wconf 67' lang='lat' dir='ltr'>codem</span> <span class='ocrx_word' id='word_1_331' title='bbox 284 3701 408 3753; x_wconf 84' lang='lat' dir='ltr'>tempore.</span> <span class='ocrx_word' id='word_1_332' title='bbox 427 3695 527 3756; x_wconf 75' lang='lat' dir='ltr'>Justinus</span> <span class='ocrx_word' id='word_1_333' title='bbox 538 3692 584 3744; x_wconf 90' lang='lat' dir='ltr'>lib.</span> <span class='ocrx_word' id='word_1_334' title='bbox 603 3709 676 3744; x_wconf 82' lang='lat' dir='ltr'>xvir.</span> <span class='ocrx_word' id='word_1_335' title='bbox 742 3689 816 3751; x_wconf 64' lang='lat' dir='ltr'>Ibion]</span> <span class='ocrx_word' id='word_1_336' title='bbox 834 3687 872 3738; x_wconf 86' lang='lat' dir='ltr'>sic</span> <span class='ocrx_word' id='word_1_337' title='bbox 887 3692 1023 3740; x_wconf 75' lang='lat' dir='ltr'>Plutarchus.</span> <span class='ocrx_word' id='word_1_338' title='bbox 1042 3690 1115 3754; x_wconf 77' lang='lat' dir='ltr'>Apud</span> <span class='ocrx_word' id='word_1_339' title='bbox 1132 3695 1210 3738; x_wconf 74' lang='lat' dir='ltr'>Sueto-</span> 
     </span>
     <span class='ocr_line' id='line_1_41' title="bbox 175 3757 1211 3824; baseline 0.004 -22"><span class='ocrx_word' id='word_1_340' title='bbox 175 3769 232 3819; x_wconf 81' lang='lat' dir='ltr'>cap.</span> <span class='ocrx_word' id='word_1_341' title='bbox 251 3770 288 3803; x_wconf 90' lang='lat'>11.</span> <span class='ocrx_word' id='word_1_342' title='bbox 304 3761 403 3824; x_wconf 63' lang='lat' dir='ltr'>‘Regnum</span> <span class='ocrx_word' id='word_1_343' title='bbox 418 3764 547 3808; x_wconf 75' lang='lat' dir='ltr'>Macedonia</span> <span class='ocrx_word' id='word_1_344' title='bbox 564 3778 612 3809; x_wconf 82' lang='lat' dir='ltr'>cum</span> <span class='ocrx_word' id='word_1_345' title='bbox 629 3765 679 3807; x_wconf 83' lang='lat' dir='ltr'>vira</span> <span class='ocrx_word' id='word_1_346' title='bbox 711 3763 772 3806; x_wconf 81' lang='lat' dir='ltr'>nium</span> <span class='ocrx_word' id='word_1_347' title='bbox 785 3769 873 3807; x_wconf 86' lang='lat' dir='ltr'>tamen</span> <span class='ocrx_word' id='word_1_348' title='bbox 890 3770 939 3804; x_wconf 79' lang='lat' dir='ltr'>err</span> <span class='ocrx_word' id='word_1_349' title='bbox 956 3757 1080 3820; x_wconf 83' lang='lat' dir='ltr'>leguntur.</span> <span class='ocrx_word' id='word_1_350' title='bbox 1098 3761 1211 3823; x_wconf 78' lang='lat' dir='ltr'>Uterque</span> 
     </span>
     <span class='ocr_line' id='line_1_42' title="bbox 172 3819 1212 3946; baseline 0.007 -68"><span class='ocrx_word' id='word_1_351' title='bbox 172 3823 271 3898; x_wconf 69' lang='lat' dir='ltr'>panset</span> <span class='ocrx_word' id='word_1_352' title='bbox 291 3826 385 3903; x_wconf 67' lang='lat' dir='ltr'>rarat,</span> <span class='ocrx_word' id='word_1_353' title='bbox 408 3827 526 3905; x_wconf 64' lang='lat' dir='ltr'>§altram</span> <span class='ocrx_word' id='word_1_354' title='bbox 544 3825 603 3903; x_wconf 75' lang='lat' dir='ltr'>Jug.</span> <span class='ocrx_word' id='word_1_355' title='bbox 621 3840 679 3901; x_wconf 68' lang='lat' dir='ltr'>car,</span> <span class='ocrx_word' id='word_1_356' title='bbox 710 3837 797 3900; x_wconf 75' lang='lat' dir='ltr'>auten</span> <span class='ocrx_word' id='word_1_357' title='bbox 815 3819 889 3897; x_wconf 69' lang='lat' dir='ltr'>addit</span> <span class='ocrx_word' id='word_1_358' title='bbox 911 3820 1038 3884; x_wconf 70' lang='lat' dir='ltr'>erenum</span> <span class='ocrx_word' id='word_1_359' title='bbox 1051 3821 1212 3946; x_wconf 47' lang='lat' dir='ltr'>sidem&amp;-</span> 
     </span>
     <span class='ocr_line' id='line_1_43' title="bbox 185 3912 1226 3957; baseline 0 -39"><span class='ocrx_word' id='word_1_360' title='bbox 185 3912 192 3918; x_wconf 93' lang='lat'><strong>.</strong></span> <span class='ocrx_word' id='word_1_361' title='bbox 774 3918 779 3931; x_wconf 28' lang='lat'><em>¹</em></span> <span class='ocrx_word' id='word_1_362' title='bbox 1202 3916 1226 3957; x_wconf 46' lang='grc' dir='ltr'><strong><em>μ</em></strong></span> 
     </span>
    </p>
   </div>
   <div class='ocr_carea' id='block_1_5' title="bbox 0 0 1312 4462">
    <p class='ocr_par' dir='ltr' id='par_1_14' title="bbox 0 0 1312 4462">
     <span class='ocr_line' id='line_1_44' title="bbox 0 0 1312 4462; baseline 0 5"><span class='ocrx_word' id='word_1_363' title='bbox 0 0 1312 4462; x_wconf 95' lang='lat' dir='ltr'> </span> 
     </span>
    </p>
   </div>
  </div>
 </body>
</html>
