2616 4462
234 245 859 358 'ntaBtnnoCmrntLtaL
1012 243 1149 359 227'
1227 227 1229 232 Ι

55 384 273 487 superiorum
290 401 490 477 temporum
508 399 611 476 atque
631 375 794 450 itinerum
810 374 956 454 licentia.
969 447 971 455 Α
986 379 1097 459 Erant
1123 399 1146 486 3
1197 450 1201 459 .

59 483 254 582 complures
269 477 404 553 honesti
413 475 665 566 adolescentes,
688 473 882 549 senatorum
900 475 983 567 filii,
1007 480 1098 564 &m

56 580 204 684 questris
218 578 371 653 ordinis:
396 595 492 649 erant
509 574 696 672 legationes
711 572 914 661 civitatum3
937 595 1033 648 erant
1048 576 1097 650 le.

56 680 130 780 gati
146 676 306 752 Caesaris.
332 675 395 747 hos
409 697 528 748 omnes
543 671 688 751 flumina
702 669 935 745 continebant.
960 671 1017 744 Ad
1034 672 1097 749 hos
1120 674 1148 775 4

56 774 311 875 opprimendos
327 795 407 847 cum
422 771 519 844 omni
533 769 689 869 equitatu
707 826 717 855 ,
747 783 888 873 traque
905 768 1100 867 legionibus

57 873 228 949 Afranius
246 872 288 944 de
302 867 401 944 nosce
414 866 662 966 proficiscitur,
687 864 990 1034 imprudentespue
1004 887 1101 941 ante·
1138 919 1142 927 -

58 970 170 1047 miffis
185 960 354 1066 equitibus
370 967 582 1065 aggreditur.
611 965 766 1037 celeriter
786 984 900 1037 tamen
929 961 982 1035 ese
996 963 1096 1038 Galli

60 1060 897 1166 equitesexpediunt,proeliumquecommittunt
925 1061 1149 1178 Hi,dum5

60 1164 141 1262 pari
156 1162 331 1236 certamine
351 1187 403 1236 res
419 1162 492 1260 geri
509 1163 652 1259 potuit,
677 1183 841 1258 magnum
866 1157 1015 1232 hostium
1032 1185 1100 1234 nu·
1136 1163 1148 1242 ,’

64 1286 199 1335 merum
211 1260 307 1360 pauci
322 1259 535 1349 sustinuere,
557 1257 632 1342 sed,
657 1256 758 1329 ubisr
788 1281 828 1329 na
845 1255 1022 1355 legionum
1039 1283 1100 1356 ap-

64 1360 292 1457 propinquare
308 1377 513 1455 coeperunt,
537 1355 652 1454 paucis
668 1354 734 1427 ami
762 1378 808 1444 rs,
833 1352 899 1426 sese
915 1355 950 1426 in
964 1377 1099 1431 montes

62 1457 241 1553 proximos
257 1453 453 1529 conserunt.
483 1453 568 1526 Hoc
584 1476 712 1552 pugnae
722 1472 858 1549 tempus
866 1475 1031 1550 magnum
1045 1473 1096 1528 at·
1121 1453 1147 1533 6
1247 1520 1250 1526 .

62 1554 144 1627 tulit
160 1553 282 1627 nostris
290 1553 331 1625 ad
342 1550 483 1625 salutem
495 1572 724 1623 momentum.
749 1548 938 1621 nastienim
952 1548 1097 1648 spatium
1134 1574 1143 1613 ‘-

50 1650 95 1724 ‘se
108 1652 146 1723 in
159 1651 235 1724 ioca
252 1649 424 1747 superiora
443 1669 655 1745 receperunt.
680 1645 870 1720 Defiderati
888 1646 967 1720 sunt
983 1672 1025 1719 eo
1042 1648 1098 1722 die

61 1747 224 1847 sagittarii
237 1748 372 1822 circiter
381 1772 440 1838 oc,
454 1747 711 1844 equitespauci,
728 1745 908 1831 calonum,
924 1744 1099 1843 atqueim·

62 1844 342 1944 pedimentorum
359 1868 430 1917 non
453 1866 597 1942 magnus
612 1858 786 1918 numerus.
1092 1870 1097 1876 ·

87 1942 196 2014 ·L11.
223 1938 910 2031 1Histamen·omnibos'annonacrevit:
938 1937 1097 2038 quaefere
1124 1948 1144 2010 ι’
1178 1983 1184 1995 ·

62 2064 115 2114 rea
130 2059 145 2092 2
163 2039 279 2137 inopia
296 2064 366 2112 non
373 2039 485 2112 solum
501 2038 695 2136 praesentis,
710 2038 875 2111 sedetiam
890 2036 1000 2110 futuri
1011 2059 1096 2112 tem·

63 2136 159 2235 poris
176 2137 301 2212 timore
316 2136 550 2234 ingravescere
565 2135 755 2210 consuevit.
779 2137 923 2232 Jamque
937 2136 978 2207 ad
996 2135 1098 2210 dena·
1121 2149 1147 2202 2

64 2235 134 2308 rios
154 2260 180 2306 t.
196 2234 232 2307 in
248 2235 401 2334 singulos
418 2234 552 2306 modios
565 2259 698 2305 annona
712 2253 931 2330 pervenerat,
955 2235 991 2306 bt
1009 2232 1102 2332 mili..
1184 2319 1187 2324 ¹

63 2355 143 2406 tum
167 2333 257 2405 vires
280 2332 395 2429 inopia
409 2329 574 2405 frumenti
591 2331 823 2403 diminuerat:
849 2350 882 2402 at
909 2355 952 2402 ue
967 2331 1098 2404 incom·
1124 2338 1146 2420 3

65 2430 170 2502 moda
186 2430 221 2502 in
232 2429 303 2502 dies
317 2428 553 2529 augebantur3
576 2431 613 2502 ὃ(
632 2450 700 2501 tam
742 2355 961 2501 arationibus
976 2452 1099 2528 magna

64 2545 141 2601 etat
157 2549 266 2600 rerum
283 2524 371 2600 fasta
385 2525 633 2614 commutatio,
656 2551 694 2599 ac
709 2454 743 2599 si:
760 2524 899 2599 fortuna
915 2525 1100 2599 inclinave-
1208 2601 1211 2607 ,

64 2643 142 2696 rat:
170 2642 211 2696 ut
224 2623 329 2697 nostri
345 2645 469 2721 magna
487 2623 599 2720 inopia
617 2623 871 2696 necessariarum
889 2647 1099 2697 rerumcon-

64 2721 301 2811 flidarentum
324 2721 375 2793 illi
392 2718 555 2793 omnibus
568 2721 779 2793 abundarent
794 2720 896 2794 rebus
914 2777 925 2809 ‚
949 2720 1101 2817 superio·

64 2819 187 2917 resque
205 2817 421 2892 haberentur.
446 2815 562 2890 Caesar
577 2819 616 2891 iis
636 2817 852 2906 civitatibus,
878 2842 956 2914 quae
971 2818 1012 2889 ad
1029 2818 1102 2914 ejus
1123 2831 1151 2912 4

63 2914 250 2991 amicitiam
265 2914 493 3001 accesserant,⁴
508 2939 579 3014 quo
596 2915 711 2989 minor
720 2935 791 2989 erat
803 2914 971 2988 frumenti
981 2914 1100 3011 copia,

898 3055 901 3060 -
997 3036 1102 3113 pecus

68 3117 154 3164 ferrar.
181 3117 252 3176 Cujac.
271 3113 298 3162 δι
321 3116 402 3161 Petao.
419 3111 462 3172 usu
472 3112 569 3176 stiparit·
599 3117 631 3161 G.
649 3127 703 3177 cap.
713 3125 771 3161 xtx.
807 3112 876 3161 Idem.

70 3192 260 3242 ramaemporum,
275 3176 400 3242 probante
409 3179 503 3238 Dionys.
518 3179 569 3238 Vos-
633 3197 657 3229 2.
674 3183 748 3241 Inopia
762 3181 881 3238 nonsolum
891 3180 1024 3243 prasentia]
1045 3183 1102 3238 Hae.

67 3243 114 3299 stu
129 3243 197 3312 quod
214 3244 335 3311 equidem
344 3244 439 3302 miror,
475 3259 533 3292 uum
540 3257 570 3292 ea
599 3259 654 3295 tent
670 3247 830 3309 Interpretes.
848 3249 895 3294 Per.
915 3249 1034 3295 Ciacconius
1050 3240 1105 3310 pri-²

70 3309 144 3358 leutio
151 3309 250 3360 sensum
265 3309 387 3358 idoneum
403 3311 446 3358 vix
509 3309 569 3366 dat,
599 3327 669 3360 marn
685 3324 776 3359 vocem
792 3308 878 3368 delet,
895 3314 983 3377 utpote
1002 3309 1103 3361 Glosse-

70 3374 297 3439 receptaautemfit
307 3373 501 3442 elegantissima.
517 3383 571 3424 Da·
600 3378 676 3427 matis
700 3374 847 3441 suspensam.
891 3382 946 3427 Nos
976 3379 1103 3431 leniorem

69 3442 128 3487 vies.
328 3483 332 3490 ,
600 3445 683 3497 multo
699 3442 853 3492 medicinam
869 3445 1012 3497 invenimus
1029 3480 1037 3504 ‚
1058 3462 1104 3495 ex-

105 3519 129 3554 t.
148 3511 185 3556 Has
198 3522 270 3560 tamen
285 3512 397 3573 omnibus]
414 3510 512 3570 Nicafius
529 3511 570 3558 ut·
600 3510 693 3576 punita
707 3511 777 3560 enim
792 3511 927 3569 litterula,
944 3511 1104 3564 scribendum

65 3573 184 3631 lebadiae,
198 3577 222 3626 δι
235 3583 275 3628 Fr.
285 3584 437 3627 Hotomannus
446 3588 570 3641 reponunt
600 3578 698 3627 videtur
707 3581 787 3640 inopia
802 3595 843 3624 non
854 3579 928 3638 solam
940 3581 1055 3644 prasenti..
1065 3580 1105 3627 sie

65 3642 101 3686 his
118 3650 172 3689 tum
195 3645 292 3692 omnbus.
319 3643 365 3695 sed
389 3642 455 3692 nihil
471 3655 571 3691 mutan·
599 3645 688 3709 paullo
714 3641 769 3710 post
782 3644 907 3708 presentem
929 3649 1022 3710 inopiam
1039 3645 1105 3694 dixit

65 3703 148 3764 duma
166 3719 229 3755 nam
239 3721 309 3759 tamen
324 3710 366 3761 hie
382 3709 453 3760 idem
467 3706 571 3758 denotat
601 3712 692 3773 noster,
719 3725 748 3760 ac
765 3709 864 3770 Justinus
879 3710 925 3761 lib.
947 3728 970 3763 1.
989 3727 1044 3779 cap.
1062 3727 1107 3761 vi.

67 3784 97 3820 ac
113 3777 224 3830 tandem,
238 3777 303 3839 cuius
315 3774 511 3844 significationis
527 3790 571 3827 ett-
599 3779 709 3842 prasentes
723 3778 794 3840 epulas
804 3780 905 3827 vocavit
913 3793 974 3842 eas,
992 3789 1110 3847 quatum

65 3842 155 3913 ampla
170 3838 573 3920 dadiuuaan'tdtibfltitm.
600 3857 673 3901 etant
689 3840 817 3918 instituta.
848 3844 922 3909 laem,
