2616 4462
196 247 286 343 634
431 242 478 327 Α,
508 240 729 316 Htrtru
764 240 1070 318 Conantur.
1175 210 1180 219 ι

167 397 183 445 t
258 356 578 440 xxxvia-Hac
595 388 705 464 quum
721 363 987 450 administraret,
1012 386 1193 473 nunquam
1204 381 1253 441 ta-

207 485 289 534 men
307 462 554 537 intermittebat
566 464 696 562 legatos
708 463 751 536 de
764 486 845 560 pace
856 484 961 562 atque
971 463 1118 535 amicitia
1133 462 1250 539 mitte·

207 582 245 632 re
259 561 300 630 ad
320 561 542 634 Domitium:
569 585 678 659 quum
693 561 761 635 hoc
774 559 848 658 ipso
862 560 1015 634 crederet
1027 559 1251 637 eumfacilius

206 658 320 755 decipi
338 657 441 755 polle.
468 661 644 732 Atcontra
654 659 726 755 spes
736 660 825 756 pacit
838 659 998 732 Domitio
1014 659 1051 730 in
1063 658 1180 732 iisdem
1192 683 1250 733 ca·

156 798 184 849 2
207 752 282 827 stris
298 755 741 830 motandiattulitcaussam.
763 756 1251 854 ItaPharnaccs‚amiffapro·

206 851 292 927 rimi
309 855 473 948 temporis
489 853 689 939 oceafione‚
716 853 863 938 veritus,
889 878 932 927 ne
950 853 1246 953 cognoscerentur

157 983 180 1062 3
207 948 351 1039 insidia,
380 951 458 1023 suos
469 950 618 1023 incastra
634 951 824 1026 revocavit.
851 951 1031 1025 Domitius
1041 950 1247 1048 posterodie

202 1050 346 1145 propius
355 1046 561 1145 Nicopolim
571 1048 907 1147 acceffit,casttaque
920 1049 1051 1147 oppido
1069 1049 1245 1122 contulit:

135 1144 137 1149 ⁴
203 1147 383 1240 quaedum
403 1146 566 1219 muniunt
590 1147 723 1231 nostri,
749 1147 937 1220 Pharnaces
955 1147 1062 1219 aciem
1079 1145 1244 1221 instruxit
1284 1227 1287 1231 ,

200 1241 264 1315 suo
277 1267 374 1316 more
392 1264 496 1341 atque
507 1242 688 1333 institut03
711 1246 747 1315 in
763 1242 877 1316 fronte
889 1244 981 1316 enim
993 1259 1014 1331 ,“
1028 1241 1174 1340 simplici
1191 1243 1245 1316 di·

64 1341 78 1359 ‘
117 1367 121 1372 ’
152 1337 294 1462 4redba
311 1343 402 1429 acie,
426 1364 554 1413 cornua
563 1342 663 1414 trinis
674 1341 906 1414 'firmabantur
916 1339 1080 1414 subsidiis.
1107 1340 1244 1416 Eadem

200 1437 334 1510 ratione
351 1438 424 1511 haec
435 1439 547 1510 media
561 1439 826 1512 collocabantur
841 1439 911 1511 acie
930 1496 941 1530 ,
963 1437 1101 1512 duobus
1120 1437 1242 1514 dextra

200 1531 400 1634 finistra'que
414 1535 621 1620 intervallis,
632 1535 842 1634 simplicibus
857 1535 1037 1610 ordinibus
1052 1534 1240 1609 insttudbis.

116 1643 118 1647 ’
153 1677 179 1753 5
201 1629 353 1705 Perfecit
367 1633 543 1728 indeptum
558 1633 745 1706 castrorum
755 1652 843 1733 opus
852 1633 1051 1725 Domitius,
1072 1653 1240 1732 parteco-

200 1729 333 1824 piarum
351 1731 523 1826 provallo
541 1730 715 1805 insttudlaa

156 1869 173 1917 1
249 1828 475 1904 XXXVIII.
499 1829 664 1902 Proxima
682 1827 784 1905 nodie
800 1829 1016 1918 Pharnaces,
1040 1827 1238 1927 interceptis

147 1927 151 1936 '
200 1922 403 2016 tabellariis,
417 1927 479 2024 qui
494 1928 537 2001 de
545 1927 788 2000 Alexandrinis
802 1926 903 2000 rebus
911 1927 1039 2000 litteras
1054 1927 1094 1998 ad
1106 1926 1237 2001 Domi·

196 2021 285 2094 tium
303 2021 481 2115 fetebant,
504 2024 881 2125 cognoscit‚Caesarem
891 2047 1018 2123 magno
1032 2021 1236 2119 inpericulo
1283 2057 1288 2070 ·

195 2121 338 2207 versari,
364 2121 578 2220 flagitarique
591 2118 612 2194 a
627 2122 807 2208 Domitio,
829 2141 871 2194 ut
885 2120 1153 2220 quamprimum
1170 2120 1234 2197 fibi

194 2214 341 2290 subfidia
358 2219 535 2305 mitteret,
560 2235 572 2269 ¹
592 2219 801 2318 propiusque
825 2217 895 2316 ipse
913 2216 1155 2290 Alexandriam
1170 2244 1234 2316 per

145 2342 172 2393 2
194 2312 328 2386 Suriam
346 2317 531 2391 accederet.
555 2316 637 2414 Qua
652 2321 854 2417 cognitore,
870 2316 1059 2388 Pharnaces
1074 2314 1233 2391 victoriae

193 2407 273 2481 Ioco
288 2409 464 2503 ducebat,
487 2413 659 2488 sittahere
677 2436 814 2514 tempus
839 2412 973 2510 pollet5
996 2434 1107 2509 quum
1124 2413 1233 2488 disce-

40 2560 42 2564 -
146 2532 169 2615 3
192 2504 346 2579 dendum
361 2508 517 2582 celeriter
536 2512 695 2584 Domitio
711 2526 859 2610 putaret.
872 2509 1003 2607 ‘Itaque
1012 2509 1055 2581 ab
1075 2510 1228 2608 oppido,

193 2627 262 2702 qua
282 2602 484 2678 facillimum
509 2607 674 2680 accessum
691 2610 728 2682 ὃ(
750 2605 981 2706 aequiffimum
995 2608 1046 2693 od
1062 2605 1228 2682 dimican-

191 2703 277 2775 dum
288 2703 409 2776 nostris
424 2704 582 2793 videbat,
598 2703 696 2778 fossas
712 2728 752 2777 ιι
767 2703 929 2793 directas,
955 2728 1026 2778 non
1036 2705 1083 2779 ita
1099 2729 1245 2804 magno.

190 2800 308 2874 medio
324 2800 506 2877 intervallo
522 2802 661 2888 relidim
691 2827 733 2874 tv
748 2803 876 2900 pedum
893 2801 1082 2878 altitudinis
1093 2802 1128 2874 in
1144 2828 1227 2877 eum

191 2896 310 2972 Iocum
334 2901 509 2992 deduxit,
532 2927 605 3000 quo
630 2901 771 3072 loupius
794 2901 1017 2977 constituerat
1035 2901 1132 2973 suum
1152 2922 1226 2970 non

141 3020 168 3098 4
191 2996 380 3088 producere
388 3000 506 3079 aciem.
525 3000 618 3074 Inter
626 3001 683 3072 has
712 2999 779 3073 olla
811 3000 917 3074 aciem
934 3000 1064 3096 semper
1078 2992 1226 3066 instrue-

191 3092 249 3164 bat
267 3151 278 3184 ,
300 3098 494 3193 equitatum
510 3118 625 3172 autem
645 3097 688 3171 ab
705 3025 867 3171 lateilibus
882 3112 1021 3168 omnem
1040 3106 1136 3163 extra
1153 3088 1224 3163 fos·

187 3184 256 3260 sam
266 3188 476 3268 collocabat:
503 3196 562 3293 qui
581 3220 694 3294 neque
708 3195 807 3270 aliter
818 3192 910 3267 utilis
924 3191 989 3263 effe
1004 3207 1157 3286 poterat,
1182 3188 1223 3264 ὰ

185 3285 341 3361 multum
361 3312 507 3366 numero
521 3293 669 3367 anteibat
685 3292 841 3386 nostrum
859 3286 1210 3458 equitatur}XXIX

230 3492 253 3532 t.
271 3486 402 3550 Primusque
427 3490 469 3552 ipse
494 3490 686 3551 alexandram]
719 3485 798 3536 niodo
812 3488 899 3550 propias
922 3482 1106 3535 Alexandriam
1125 3479 1223 3530 adven·

186 3553 240 3600 MS.
257 3555 347 3601 Norvic.
361 3557 489 3618 propiusque
503 3556 572 3617 ipsam
590 3572 598 3613 ;
615 3570 681 3604 rece·
717 3565 783 3602 taret
799 3587 806 3609 ‚
823 3566 881 3600 cum
895 3551 923 3600 in
944 3566 976 3599 eo
989 3547 1044 3617 ipso
1061 3547 1157 3615 oppido
1173 3561 1223 3613 pe&

185 3628 258 3682 ptam
276 3626 361 3666 autem
382 3620 522 3671 leuiorem
541 3628 640 3670 tueatur
656 3629 682 3668 e·
717 3620 823 3668 ticulum
832 3614 924 3668 subiret
941 3622 1090 3684 Imperator.
1107 3615 1221 3680 Repono

183 3681 247 3732 dish
264 3689 332 3754 'lm'
350 3691 402 3736 Vm.
418 3689 516 3736 Beroald.
544 3688 682 3735 urrerem
714 3687 818 3751 itaque,
831 3685 971 3751 protinusque
982 3685 1025 3748 ipsi
1034 3682 1219 3739 Alexandriam,

182 3746 265 3798 fatear
282 3786 290 3809 ‚
314 3766 367 3800 non
382 3753 509 3818 intelligo
519 3778 530 3810 ,·
543 3753 586 3817 qui
602 3753 682 3811 iuvari
715 3751 764 3802 hoc
774 3750 824 3812 est,
842 3748 946 3810 statim,
961 3750 1032 3811 null!
1047 3752 1122 3821 mula
1136 3746 1219 3820 lutet:

180 3818 292 3897 potuerit
308 3814 406 3884 casae,
419 3814 680 3898 fiDamitIutsolum-
712 3810 805 3897 fallam
836 3820 935 3894 parnt,
981 3822 995 3826 '⁴
1142 3818 1146 3822 ’

389 3941 391 3947 ’
481 3936 493 3967 N
