2616 4462
66 290 82 305 2„
148 306 150 311 ,
220 231 300 329 696·
452 218 1079 307 nmmum-nunnae

193 400 196 405 .
220 362 318 416 metu
333 360 551 432 commotus,
578 357 589 390 ¹
610 337 794 437 patientem
809 336 841 410 se
856 338 1088 441 timidumque
1106 338 1266 419 hostium'

176 471 199 547 7
223 439 379 538 opinioni
395 437 590 538 praebebat:
617 460 730 533 neque
747 434 877 511 idcirco
890 440 1021 538 copias,
1046 465 1269 552 quamquam

223 538 318 638 etant
339 562 457 636 paucae
475 593 486 626 ,
510 537 771 630 tironumque,
791 558 862 607 non
889 536 1056 611 educebat
1074 540 1110 613 in
1128 564 1271 633 aciem,-

223 636 320 734 quod
336 634 493 709 visloriae
515 632 655 706 suorum
673 629 844 704 diffideret
865 656 873 704 :
899 634 956 709 sed
978 633 1103 710 referre
1119 637 1267 711 arbitra·

175 735 198 811 8
223 734 325 808 batur
339 730 533 806 cu'usmodi
552 727 696 803 visloria
712 729 793 803 esset
810 728 946 803 futura:
972 751 1074 829 turpe
1091 733 1185 806 enim
1203 733 1272 808 fibi

221 830 376 904 existima
421 848 497 902 ttot
507 825 609 902 rebus
624 823 744 924 gestis,
761 826 930 925 tantisque
945 829 1267 905 exercitibusdevr

222 926 287 1002 &is
303 983 314 1016 ‚
338 947 392 1001 tot
408 947 477 1000 tam
503 923 599 997 claris
615 922 770 997 visionis
788 926 916 1022 partis,
940 926 984 999 ab
999 927 1139 1026 reliquis
1155 930 1271 1028 copiis

222 1023 492 1098 adversariorum
511 1021 651 1095 suorum
665 1045 710 1094 ere
725 1019 808 1119 suga
826 1022 981 1097 collectis
998 1018 1009 1109 ⁴,
1033 1023 1066 1097 se
1081 1047 1271 1103 cruentam

172 1145 200 1215 9
222 1122 386 1218 adeptum
402 1119 587 1195 existimari
601 1117 790 1193 viuoriam.
818 1119 939 1218 ltaque
947 1120 1171 1199 constituerat
1185 1125 1266 1224 glo-

221 1219 307 1292 riam
328 1217 661 1315 exsultationcmque
677 1240 798 1288 eorum
817 1221 908 1314 pati,
931 1219 1043 1292 donec
1058 1218 1269 1296 sibivetcra-

221 1341 344 1389 narum
362 1316 543 1416 legionum
562 1340 637 1414 pars
652 1313 765 1413 aliqua
780 1313 816 1387 in
833 1312 990 1390 secundo·
998 1339 1197 1394 commeatu
1206 1344 1268 1395 oc-

221 1412 391 1488 currill'et.

176 1533 197 1579 ι
241 1510 244 1517 ’
268 1511 436 1586 XXXII.
453 1508 568 1609 Scipio
584 1507 724 1583 interim
736 1508 940 1609 paullisper,
962 1530 1004 1585 ut
1020 1532 1099 1587 ante
1113 1513 1208 1608 dixi,
1228 1515 1270 1591 in

221 1633 264 1680 eo
279 1609 359 1683 loco
377 1628 633 1698 commoratus,
657 1625 699 1680 ut
714 1608 808 1705 quasi
824 1607 1011 1718 despexisse
1027 1609 1198 1687 Caesarem
1211 1613 1268 1686 vi·
1303 1643 1305 1650 ·

222 1705 381 1791 deretur,
401 1705 576 1804 paullatim
593 1703 972 1806 reducitsuascopiasin
989 1708 1114 1802 castra,
1130 1711 1269 1785 &con-

221 1803 322 1878 cione
336 1804 520 1896 advocata,
543 1822 560 1854 2
575 1803 618 1874 de
633 1820 763 1878 terrore
780 1802 861 1890 suo,
886 1803 1190 1907 desperationeque
1201 1833 1266 1884 ex-

189 1938 191 1943 .
221 1901 348 1976 ercitus
362 1900 507 1976 Caesaris
521 1899 625 1973 verba
640 1898 721 1974 facit
741 1927 751 1989 ;
775 1903 1026 1977 &cohortatus
1049 1903 1149 1995 suos,
1178 1906 1264 1978 ³·vi·

72 2082 76 2089 Ι
106 2003 111 2012 ’
172 2011 200 2067 2
222 1998 367 2073 &oriam
384 1997 559 2099 propriam
571 1997 603 2070 se
618 1996 665 2071 eis
674 1997 772 2071 brevi
787 1999 948 2072 daturum
958 1999 1154 2098 pollicetur.
1180 2002 1264 2078 Cae‘·

221 2095 271 2169 sat
274 2094 377 2195 jubet
391 2096 517 2170 milites
534 2093 649 2168 rursus
660 2094 702 2169 ad
717 2120 806 2192 opus
816 2097 945 2188 redire,
969 2098 1025 2184 &‚
1037 2124 1098 2196 per
1113 2100 1265 2176 caussam

157 2193 162 2199 ’
221 2195 480 2279 munitionum,
498 2192 625 2266 tirones
635 2192 670 2264 in
686 2192 802 2267 labore
813 2193 998 2292 defatigare
1008 2220 1079 2268 non
1089 2196 1263 2274 intermit·

173 2301 197 2382 3
223 2293 278 2368 tit.
304 2292 448 2367 Interim
465 2291 638 2366 Numidae
653 2289 847 2390 Getulique
856 2290 1026 2391 diffugere
1042 2294 1201 2391 quotidie
1217 2321 1267 2373 ex

220 2389 336 2466 castris
345 2389 536 2490 Scipionis,
550 2390 588 2463 &
602 2389 773 2484 partimin
787 2414 933 2489 regnum
948 2389 981 2464 se
988 2389 1167 2482 conferre,
1184 2419 1263 2490 par·

219 2488 306 2584 tim,
330 2488 427 2590 quod
436 2485 498 2588 ipfi
516 2484 727 2587 majoresque
739 2511 861 2562 eorum
884 2486 1268 2585 4·beneficioC.Marii

1208 2588 1267 2665 ufi·

255 2735 279 2775 τ’.
297 2724 419 2774 Patientcm
430 2725 456 2785 fe
476 2723 620 2788 timidumque
634 2720 726 2782 hostiam
754 2737 831 2790 quem
848 2723 980 2779 incuss'etat
995 2729 1137 2795 Pompeius.
1154 2729 1219 2778 Vide
1233 2747 1264 2781 e.

220 2793 440 2859 opinionipraesrbat]
458 2787 541 2840 Codd.
554 2791 672 2852 sapientem
680 2792 705 2852 se
715 2809 731 2848 ς’
752 2795 818 2842 tiam
834 2794 902 2851 Joan.
920 2799 1025 2844 Pricaeum
1042 2797 1076 2847 ad
1093 2798 1186 2859 Apuleii
1200 2794 1266 2848 Med

219 2856 265 2909 sed
282 2860 342 2923 lego
360 2860 478 2922 patientem
488 2858 521 2916 se.
543 2858 635 2927 ,Supra
656 2856 727 2904 eninr
753 2871 818 2910 tam.
835 2859 1019 2926 lib.11.p.76.
1053 2865 1148 2910 Davies.
1233 2874 1243 2883 ·

220 2923 288 2973 dixit
303 2939 356 2988 cap.
374 2939 434 2973 xxx.
451 2924 556 2988 Despcsla
569 2925 728 2986 patienrracae·
788 2944 811 2983 3·
841 2930 956 2976 lsalloriam
983 2929 1114 2993 propriam]
1140 2925 1264 2982 Proprium

215 2992 286 3052 sarisa
321 2995 354 3038 Et
375 2989 443 3038 infra
460 3004 514 3055 cap.
538 3004 614 3038 xxxv.
649 2996 727 3054 Itaque
752 3007 800 3056 pro
814 3005 913 3058 perpetuo
928 2993 1045 3044 omnibus
1059 2983 1198 3038 notumess.
1217 2992 1263 3042 Sic

218 3073 249 3102 ex
265 3060 310 3116 ejus
330 3058 436 3120 patientia
453 3060 476 3103 in
500 3072 602 3117 magnum
627 3058 726 3103 timorem
754 3057 822 3108 infra
837 3056 951 3126 hoc'ipso
971 3058 1037 3121 libro
1053 3069 1109 3118 cap.
1121 3067 1176 3101 111.
1188 3055 1266 3117 Qud

109 3152 113 3159 ·
218 3121 316 3183 conjelli.
336 3124 405 3183 (astar
419 3120 471 3187 ipse
488 3121 519 3170 de
530 3123 603 3170 Bello
620 3122 724 3171 Gallico
750 3130 861 3190 proprium
869 3128 975 3190 gaudium
982 3122 1106 3176 bellantibus
1112 3118 1206 3178 fortuna
1213 3127 1262 3169 rri-

218 3184 323 3237 lib.v1.
341 3203 396 3253 cap.
414 3184 508 3239 xxxvi.
542 3191 615 3235 Simul
629 3192 725 3236 militum
752 3193 814 3240 bucre
828 3194 982 3247 nondecrevit.
1002 3192 1070 3235 Cicero
1076 3200 1122 3250 pto
1131 3185 1189 3249 lege
1197 3192 1260 3237 Ma·

216 3265 327 3317 parmatus
344 3257 431 3302 vocibus
448 3289 455 3312 ‚
472 3259 509 3318 qui
524 3257 584 3300 illius
598 3257 725 3318 parientiam
752 3258 818 3306 nilia
830 3268 961 3318 utrumque
970 3252 1102 3316 conjunxit
1112 3268 1118 3298 :
1130 3253 1204 3314 quod,
1215 3254 1261 3304 in-

214 3332 276 3382 pane
291 3320 420 3382 obseffionem
440 3322 582 3386 appellabant.
618 3321 725 3371 ciacco-
754 3325 834 3388 quit,
860 3325 894 3370 illi
908 3323 1019 3384 proprium
1039 3337 1065 3366 ac
1080 3330 1205 3382 perpetuum
1216 3321 1260 3378 fit-

216 3386 284 3434 nius.
752 3391 871 3438 Flumen
888 3389 984 3434 Terentio
1001 3420 1009 3442 ‚
1026 3389 1127 3440 Plauto,
1149 3381 1261 3450 aliisque

253 3469 277 3501 z.
301 3457 339 3498 De
360 3469 441 3502 terrore
460 3454 526 3513 suo]
552 3457 591 3502 De
607 3465 724 3511 terrore,
752 3452 865 3519 probatis
884 3453 975 3517 lingue
998 3452 1095 3501 Latinae
1113 3449 1265 3502 acrioribus

216 3529 296 3582 quern
309 3517 362 3583 ipse
372 3517 522 3569 Caesarianis
530 3518 672 3569 incusserat.
686 3522 725 3568 sic
753 3520 868 3584 congerit
882 3520 999 3568 Lambinus
1015 3517 1048 3568 ad
1064 3518 1154 3567 Horatii
1163 3531 1203 3567 ιι.
1215 3532 1260 3584 ep.

216 3581 288 3632 infra
304 3598 359 3649 cap.
371 3596 476 3635 xuv111.
495 3591 524 3631 A
539 3602 620 3632 terrore
636 3587 724 3644 cesaris
753 3601 791 3635 11.
827 3590 904 3636 Brant.

216 3651 355 3703 liberaretur.
365 3658 398 3702 Et
408 3648 474 3717 apud
483 3651 610 3710 Sallustium
619 3652 721 3714 Fragm.
782 3672 807 3714 4·.
826 3651 926 3713 Beneficio
939 3652 1042 3701 amris
1050 3650 1085 3709 ufi
1088 3649 1190 3711 fuiffmt]
1199 3651 1260 3698 Hoc

216 3725 280 3783 pag.
296 3733 352 3780 394.
383 3720 411 3767 ld
433 3720 511 3765 sellum
533 3717 638 3762 excitabat
653 3730 723 3762 mnus
749 3714 909 3767 tumsastum
924 3716 976 3777 est,
992 3732 1070 3782 quum
1086 3716 1261 3765 Mariuscon‘

215 3786 336 3853 rumpes,
358 3800 405 3855 pro
421 3798 453 3840 eo
470 3781 541 3853 qood
553 3779 606 3845 eu,
621 3793 723 3842 metus.
750 3781 788 3841 sul
806 3799 857 3843 um
867 3799 926 3859 otuu
939 3777 1265 3917 ιη·δγηειιῑιιιείὶοκίιικῖιί
