2616 4462
142 179 144 183 Ι
218 225 296 322 562
442 183 1128 318 c.J.cesaareconnnnn

219 334 483 415 contrahostem
501 337 536 411 in
551 337 768 414 altitudinem
784 340 911 438 pedum
928 365 964 414 x:
982 339 1261 444 tantundemque

142 479 144 484 =
173 471 199 524 2
223 437 294 536 ejus
312 435 392 509 valli
408 457 513 534 agger
528 437 563 508 in
585 436 800 535 latitudinem
819 437 964 535 patebat·
991 439 1128 532 Abeo,
1148 441 1261 520 vinter-

223 533 323 631 misso
339 531 446 632 spatio
461 533 587 631 pedum
603 557 654 606 nc
664 590 674 618 ,
684 555 685 559 ’
696 533 782 610 alter
798 536 984 610 conversus
1002 539 1038 609 in
1052 541 1261 614 contrariam

175 655 197 740 3
222 651 353 729 partem
369 649 441 702 erat
461 630 594 720 vallus,
618 627 803 723 humiliore
813 631 936 729 paullo
962 634 1164 709 munitione.
1190 637 1261 711 hoc

220 727 313 800 enirn
340 726 571 825 superioribus
591 727 712 801 diebus
736 729 859 803 timeus
878 728 1026 823 Caesar,
1049 755 1093 804 ne
1114 732 1262 808 navibus

202 823 329 898 'nostri
340 824 697 915 circumvenirentur,
712 825 886 923 duplicem
899 852 941 899 eo
958 827 1038 902 loco
1052 827 1176 902 fecerat
1184 831 1260 903 val·

220 921 297 996 lum
313 979 325 1013 ‚
348 941 388 995 ut
403 920 429 993 fi
444 921 585 1020 ancipiti
604 922 731 1020 proelio
748 922 967 996 dimicaretur
983 980 993 1010 ,
1018 924 1128 1023 poss'et
1142 924 1261 999 refisti.

172 1045 200 1125 4
222 1016 289 1098 Sed
305 1043 451 1118 operum
462 1019 689 1118 magnitudo,
709 1021 746 1093 ὅ(
763 1020 943 1093 continens
952 1023 1110 1096 omnium
1125 1021 1259 1099 dierum

222 1115 342 1206 labor,
367 1115 463 1214 quod
489 1133 500 1166 ¹
521 1115 627 1189 millia
640 1115 795 1215 passuum
808 1116 844 1189 in
860 1117 1008 1190 circuitu
1025 1144 1071 1192 xt
1083 1119 1127 1192 tx
1146 1120 1262 1195 muni·

223 1213 334 1305 tiones
350 1233 420 1286 erat
437 1211 662 1310 complexus,
684 1211 883 1310 perficiendi
900 1212 1046 1310 spatium
1064 1241 1135 1289 non
1152 1217 1262 1293 dabat.
1284 1283 1287 1296 ,

173 1331 200 1411 5
222 1309 344 1409 Itaque
359 1328 480 1383 contra
497 1334 589 1383 mare
608 1306 834 1385 transversum
851 1310 1006 1402 vallum,
1029 1315 1089 1409 qui
1107 1314 1165 1387 has
1181 1314 1264 1389 duas

125 1462 129 1474 .
224 1405 436 1481 munitiones
453 1407 692 1506 contingeret,
715 1406 872 1481 nondum
892 1405 1090 1501 perfecerat.
1115 1435 1265 1508 quaeres

184 1555 186 1560 -
225 1526 306 1578 nota
323 1523 394 1577 erat
417 1502 610 1602 Pompejo,
635 1503 741 1577 delata
763 1527 826 1600 per
848 1503 1064 1604 Allobroges
1080 1507 1265 1607 perfugas3

178 1603 204 1679 6
228 1624 464 1701 magnumque
478 1599 603 1674 nostris
617 1600 734 1675 attulit
750 1599 1024 1674 incommodum.
1046 1627 1146 1693 narn,
1171 1605 1267 1679 utad

228 1723 318 1772 mare
334 1696 460 1772 nostrae
475 1698 633 1780 cohortes
653 1723 697 1772 rx
716 1696 861 1797 legionis
877 1697 1133 1790 excubuerant,
1155 1701 1268 1775 acces-

226 1796 296 1871 sere
312 1792 427 1868 subito
436 1794 546 1891 prima
562 1795 852 1894 lucePompejani
865 1797 1055 1871 exercitus:
1083 1796 1267 1897 novusque

176 1952 195 1995 ,
224 1917 347 1968 eorum
362 1892 531 1966 adventus
545 1892 699 1967 exstitit:
726 1891 897 1990 simulque
915 1893 1059 1968 navibus
1069 1893 1267 1970 circumve-

206 1987 275 2066 sii
291 1989 415 2063 milites
440 2005 455 2041 ²
473 1989 508 2062 in
526 1990 730 2064 anteriorem
748 1988 878 2063 vallum
897 1989 963 2063 tela
977 1989 1167 2089 jaciebant:
1194 1989 1266 2065 sos-

193 2159 196 2164 .
226 2087 343 2187 saeque
358 2109 485 2186 aggere
502 2085 787 2184 complebantur:
815 2087 853 2159 &
872 2086 1072 2186 legionarii,
1095 2087 1266 2164 interioris

228 2184 434 2260 munitionis
456 2181 651 2258 defensores
669 2241 678 2267 .
704 2183 797 2257 scalis
815 2183 964 2260 admotis
982 2242 1001 2276 ‚.
1018 2184 1267 2285 tormentisque

229 2280 396 2381 cujusque
412 2280 566 2380 generis,
591 2280 735 2380 telisque
752 2281 942 2372 terrebant3
964 2295 1156 2383 magnaque
1175 2283 1269 2357 mul-

230 2378 347 2454 titudo
365 2377 618 2478 sagittariorum
635 2379 678 2452 ab
693 2400 838 2477 utraque
856 2401 952 2477 parte
967 2379 1269 2455 circumfundeba-

182 2504 208 2583 7
230 2478 299 2552 tu‘r.
324 2476 484 2550 Multum
501 2495 615 2550 autem
631 2475 755 2557 abidlu
770 2475 946 2574 lapidum,
967 2478 1062 2588 quod
1078 2501 1187 2552 unum
1204 2503 1269 2552 no-

231 2574 306 2649 stris
321 2593 392 2646 erat
401 2572 530 2662 telum,
551 2571 699 2647 viminea
718 2593 893 2673 tegmenta
906 2573 1010 2673 galeis
1030 2574 1077 2647 im
1106 2575 1188 2650 olita
1209 2573 1270 2650 de·

179 2671 207 2764 ,8
231 2669 429 2747 sendebant.
454 2669 591 2768 Itaque,
608 2693 717 2768 quum
727 2670 889 2746 omnibus
902 2671 1003 2770 rebus
1020 2695 1066 2743 no
1098 2672 1127 2746 ri
1136 2697 1269 2774 prenae-

228 2790 375 2861 rentur,
396 2788 500 2874 atque
514 2791 608 2869 aegte
623 2767 838 2864 resisterent3
859 2767 1133 2844 animadversum
1151 2768 1272 2881 estuvi·

1178 2888 1275 2943 trum·

232 3000 270 3049 des
298 2993 355 3042 idem
382 2994 443 3054 sunt.
485 2986 549 3039 Vide
575 2990 602 3040 δι
627 2987 735 3040 eundem
769 2988 876 3040 arbitror
898 2986 1050 3038 munitionibus
1066 3001 1113 3040 nas
1128 2992 1269 3054 complexata

233 3059 438 3114 Grammaticum
468 3052 501 3103 ad
530 3059 584 3106 AEn.
611 3069 652 3113 rx,
677 3064 734 3116 146.
767 3055 794 3106 id
811 3054 880 3122 quod
895 3056 1025 3106 Latinitas
1041 3054 1138 3106 ridetur
1155 3053 1272 3121 postula-

231 3143 263 3177 ιε
280 3141 307 3182 x,
330 3142 383 3175 120.
411 3125 505 3186 vegetius
528 3119 573 3170 lib.
599 3135 652 3173 rrr.
679 3134 734 3186 cap.
767 3138 803 3174 re.
837 3125 906 3170 Idem.
937 3163 940 3178 ,
1215 3133 1216 3136 ’

230 3194 306 3243 vrri.
333 3191 404 3252 Sapra
419 3205 482 3255 quem
499 3183 645 3254 (aggerem)
661 3189 735 3246 valli,
800 3205 824 3238 2.
851 3194 879 3236 In
894 3191 1021 3240 anteriorem
1039 3189 1126 3236 vallum
1140 3189 1185 3234 tela
1198 3191 1271 3249 jacie·

232 3261 258 3307 id
276 3254 304 3314 ost
318 3289 326 3312 ‚
339 3257 422 3315 sudes,
438 3256 475 3301 vel
489 3255 563 3301 tribuli
578 3256 640 3316 lignei
653 3267 691 3317 per
700 3271 735 3302 or·
766 3255 832 3314 bant]
849 3254 903 3304 Alii
912 3255 1159 3322 leguntiarintariorem
1165 3257 1271 3303 vallarent

232 3326 305 3372 dinem
320 3321 454 3382 digeruntur.
488 3319 536 3366 Hic
550 3331 634 3369 autem
650 3323 677 3371 δι
693 3316 735 3369 sat·
767 3320 816 3387 ego
831 3319 1024 3377 emendaverant
1040 3323 1184 3377 tarnim,
1200 3318 1270 3386 quod

231 3390 287 3454 pius
304 3385 352 3434 hoc
368 3386 395 3434 in
413 3387 495 3450 capite
510 3385 679 3436 munitionem
702 3401 733 3434 ert
766 3386 850 3437 statim
859 3387 987 3436 interioris
1001 3385 1151 3435 munitionis
1161 3384 1191 3434 fit
1199 3402 1272 3436 men·

231 3449 355 3519 stipitibus
365 3453 544 3501 concinnatam
552 3447 665 3503 denotat.
681 3457 733 3498 Da·
766 3454 813 3504 tio.
830 3451 916 3502 Postea
934 3452 973 3502 ita
987 3451 1095 3502 omnino
1109 3453 1191 3517 repeti
1211 3449 1271 3502 scti-

232 3526 288 3570 τὰς.
643 3555 647 3562 -
767 3532 838 3585 ptum
856 3518 884 3567 in
908 3531 967 3567 meo
990 3519 1069 3568 veteri
1091 3516 1159 3568 libro
1177 3522 1271 3568 aaron.

268 3601 292 3635 1.
308 3586 385 3633 Milia
396 3585 564 3648 paffuum—
580 3597 646 3635 xrrx
661 3586 736 3633 muni·
767 3589 840 3634 Hanc
857 3583 1138 3637 ledionemeonfitmat
1153 3585 1222 3644 Joan.
1228 3585 1272 3633 Fr.

229 3647 299 3700 lienes
313 3654 501 3713 eratcomplexut]
518 3650 668 3718 sicquidem
678 3654 732 3700 MS.
769 3653 892 3701 Gronovius
920 3645 1055 3710 Observa.
1071 3650 1118 3711 lib,
1135 3663 1191 3717 111,
1213 3662 1272 3718 cah

232 3722 323 3767 Norvtc.
334 3720 360 3768 δι
370 3715 442 3767 editt.
452 3723 517 3786 qu.
531 3722 581 3767 Ven.
591 3719 687 3766 Beroald.
699 3722 734 3766 At
768 3733 847 3791 {Vlllg
877 3719 977 3788 Dlvr‘es3
1115 3717 1119 3725 ’

230 3795 264 3836 ex
285 3782 532 3840 concenationem
549 3778 734 3842 aeramendum,
