2616 4462
233 285 296 345 nur
319 259 479 338 Bruto
498 259 667 345 „Crvrut
689 259 788 339 Lm.
812 251 880 339 11-r'.
1009 265 1099 371 585·

51 384 122 466 star
136 376 281 554 legionis
296 379 469 455 videretur
487 437 498 468 ,
518 380 583 454 elle
597 380 674 478 post
689 379 806 458 filvam
826 437 838 473 ,
862 382 953 458 &in
972 409 1088 466 vetera

52 480 156 559 castra
190 479 255 554 uci.
279 477 484 553 Castrorum
497 477 552 551 hic
561 477 643 551 fitus
656 498 737 554 erat.
761 479 1004 576 Superioribus
1014 485 1084 560 die·
1107 490 1136 575 τ’,

53 578 276 680 bus‚.quutn
289 576 323 654 se
343 599 386 650 tx
409 574 501 674 legio
517 573 659 649 Caesaris
674 573 848 678 objecill'ct
873 594 884 628 1
904 579 1087 678 Pompeia-

52 677 104 753 nis
116 675 247 776 copiis,
269 692 374 773 atque
389 697 514 772 opere,
533 694 574 747 ut
586 673 895 747 demonstravimus
912 733 923 766 ,
948 675 1001 722 Η
1020 681 1087 751 cir·

52 771 311 861 cummuniter,
326 769 431 845 castra
445 770 574 845 eoloco
588 769 711 868 posuit.
734 771 826 844 Haec
842 770 961 847 silvam
978 798 1087 872 quan·
1112 788 1134 876 3

52 871 128 946 dam
146 867 422 968 contingebant,
446 892 557 966 neque
574 868 712 968 longius
729 866 749 942 t
764 868 848 941 mari
865 867 1010 967 paffibus
1028 895 1086 944 cn
1149 875 1152 879 ’

53 968 209 1050 aberant.
248 963 331 1039 Post
348 986 480 1040 mutato
498 964 639 1039 consilio
662 964 866 1064 quibusdam
881 967 924 1038 de
943 967 1086 1055 cauffis,
1109 981 1136 1061 4

53 1065 174 1140 Caesar
190 1062 307 1160 paullo
321 1061 411 1136 ultra
426 1088 506 1136 eum
530 1062 648 1136 locum
662 1062 766 1136 castra
779 1062 952 1137 transtulit
969 1090 979 1138 :
1003 1090 1088 1162 pau·

53 1157 172 1260 cisque
187 1158 377 1236 intermiffis
395 1159 536 1244 diebus,
561 1160 636 1233 haec
649 1162 765 1233 cadem
782 1160 970 1259 Pompejus
984 1186 1090 1235 occu·

55 1270 197 1358 paverat
210 1285 221 1347 3
244 1258 280 1333 ὃ(
297 1257 393 1355 quod
408 1283 450 1329 eo
468 1258 546 1332 loco
561 1257 678 1355 plures
693 1278 763 1330 erat
778 1256 932 1354 legiones
952 1256 1090 1333 habitu-

56 1379 138 1447 rus,
160 1351 282 1429 relidlo
296 1355 458 1427 interiore
476 1354 590 1444 vallo,
614 1355 775 1452 majorem
795 1356 960 1451 adjecerat
974 1354 1091 1429 muni·

55 1452 200 1528 tionem.
222 1453 275 1525 lta
291 1451 424 1524 minora
444 1451 547 1524 castra
560 1451 688 1525 inclusa
706 1451 891 1567 majoribus
905 1450 1090 1525 castelliat-
1113 1463 1139 1543 5

84 1575 126 1624 ue
138 1550 224 1623 arcis
239 1548 357 1622 locum
367 1549 466 1622 obtin
531 1571 579 1621 nt.
601 1549 691 1623 Item
701 1549 743 1620 ab
757 1548 887 1645 angulo
902 1547 1090 1624 castrorum
1114 1545 1139 1620 6

56 1573 481 1721 linistromunitionemad
520 1670 622 1719 umen
634 1645 1007 1741 perduxerat‚circiter
1018 1645 1091 1746 pas·

57 1745 112 1818 sus
128 1767 195 1833 ct),
210 1767 282 1843 quo
298 1742 458 1832 liberius,
480 1767 519 1814 ac
535 1740 603 1814 fine
619 1741 773 1841 periculo
791 1743 944 1815 militcsa
972 1767 1093 1818 uaren·

58 1860 129 1914 tur.
141 1841 199 1931 sed
211 1840 238 1915 is
249 1864 407 1940 quoque,
423 1860 556 1911 mutato
566 1838 709 1924 consilio
724 1838 926 1937 quibusdam
944 1766 986 1912 de
999 1839 1093 1913 caus·

59 1936 121 2024 srs,
142 1961 225 2038 quas
239 1936 501 2010 commemorari
511 1936 639 2009 necclle
655 1960 727 2008 non
743 1936 811 2024 est,
827 1961 869 2009 co
885 1935 964 2008 loco
979 1935 1093 2009 exces-

60 2034 157 2110 serat.
184 2035 236 2110 ltu
245 2032 440 2132 complures
454 2033 524 2107 dies
534 2031 722 2108 manserant
738 2030 851 2107 castra.
875 2033 1092 2107 Munitiones
1117 2050 1141 2128 7

61 2132 202 2231 quidem
221 2131 495 2230 integraeomnes
511 2149 616 2204 erant.
811 2196 817 2228 s
1084 2216 1091 2225 „

109 2228 269 2304 LXVII.
295 2229 352 2304 Eo
365 2226 463 2324 figno
481 2228 626 2325 legionis
639 2226 755 2316 illato,
778 2223 1002 2321 speculatores
1014 2225 1095 2310 Cot·
1124 2241 1140 2291 ¹

60 2325 389 2401 sarirenunciarunt.
406 2323 590 2414 Hocidcm
606 2324 767 2404 visumex
782 2323 1011 2419 superioribus
1019 2325 1096 2426 qui-

47 2423 209 2497 *busdam
222 2422 366 2498 castellis
382 2419 682 2496 confirmaverant.
708 2420 740 2494 Is
756 2419 852 2494 locus
865 2422 1016 2497 abtratd
1034 2450 1096 2497 no·
1120 2432 1146 2484 2

64 2519 121 2592 vis
141 2520 297 2621 Pompcji
319 2517 433 2594 castris
458 2519 591 2593 circiter
606 2516 715 2618 pass‘us
741 2543 780 2591 n.
805 2519 909 2592 Hanc
924 2520 1099 2632 legionem
1126 2538 1128 2542 ’

62 2615 203 2712 sperans
218 2615 331 2690 Caesar
342 2618 376 2689 se
390 2618 586 2715 opprimere
597 2615 712 2715 polle,
736 2616 778 2690 δε,
789 2617 929 2712 cupient
945 2642 1017 2716 ejus
1034 2615 1102 2690 diei

63 2715 313 2788 detrimentum
330 2712 478 2799 sarcire,
502 2713 641 2812 reliquit
666 2713 702 2785 in
728 2737 830 2810 opere
854 2714 1012 2786 cohortes
1044 2736 1125 2802 tt,.

66 2809 304 2911 quaespeciem
319 2810 520 2884 munitionis
560 2811 739 2885 taeberent.
765 2808 834 2904 ipse
851 2807 987 2883 diverso
1003 2808 1102 2882 irinc·
1126 2810 1149 2892 3

66 2932 125 2999 re,
151 2931 257 3006 quam
276 2907 527 3003 potuitocculti
569 2931 643 3000 me,
667 2906 1012 3005 reliquascohortes,
1038 2931 1104 2978 nu·

68 3027 166 3078 mero
182 3027 277 3078 xxxr
289 3028 328 3076 tt
343 3060 354 3095 ,
371 3005 406 3078 in
424 3004 550 3103 quibus
564 3028 635 3079 erat
652 3004 745 3100 legio
769 3027 825 3094 tx,
848 3001 966 3076 multis
982 3001 1104 3076 amiffis

68 3099 352 3192 centurionibus,
375 3100 626 3200 deminutoque
642 3101 792 3174 rnilitum
811 3122 974 3188 numero,
1000 3099 1041 3172 ad
1057 3099 1106 3172 le-

96 3200 211 3274 ionem
233 3198 394 3297 Pompeji
418 3196 591 3296 castraque
616 3195 747 3271 minora
761 3193 892 3294 duplici
908 3197 978 3272 acic
994 3196 1106 3270 duxit.
1240 3255 1245 3265 t

116 3319 205 3393 eque
226 3321 308 3371 eum
334 3296 444 3392 prima
466 3295 586 3395 opinio
611 3291 748 3369 fefellit.
789 3293 866 3364 nam
889 3293 927 3366 &
950 3295 1156 3391 pervenit'4
1255 3355 1258 3362 .

71 3392 190 3492 ptius,
210 3416 312 3493 quam
323 3393 512 3492 Pompcjus
529 3392 650 3469 sentire
660 3388 767 3490 posset
777 3412 788 3474 3
812 3391 848 3463 ὃ(
866 3390 996 3464 tametsi
1012 3413 1109 3467 erant

73 3487 286 3566 munitiones
307 3491 496 3567 castrorum
511 3512 645 3590 magne
662 3515 674 3581 ·‚
697 3508 812 3562 tumen
828 3486 961 3563 sinistro
978 3513 1109 3572 cornu,

1047 3584 1110 3659 ubi

22 3701 27 3709 ¹
108 3700 133 3737 r.
160 3689 296 3750 Pompejam's
311 3689 374 3752 copiis
395 3701 461 3755 arque
476 3699 534 3751 opere
542 3687 575 3747 *J
610 3680 813 3734 tumrerbafint.
831 3681 1112 3748 Inmanusctiptisnul-

73 3750 200 3808 vuliirem
216 3750 297 3804 defint
315 3755 420 3818 aliqua,
436 3769 470 3802 an
487 3751 575 3819 depra-
610 3753 664 3801 lum
679 3752 772 3801 lacunae
786 3748 918 3817 vestigium
932 3751 1060 3817 repetitur.
1076 3755 1113 3814 D¹

74 3829 155 3883 sm,
176 3833 211 3872 an
225 3817 337 3888 denique
351 3816 503 3887 transpolitt
519 3832 577 3870 tan·
613 3817 699 3882 Voffim.
762 3884 843 3940 ΝΜ
941 3872 943 3879 ⁴
