2616 4462
157 245 231 348 758
365 232 995 326 inflammantium.

158 365 286 441 certior
302 363 402 438 ficret
417 361 554 454 Caesar,
579 383 658 460 quae
676 358 712 431 in
727 357 858 457 oppido
879 360 920 433 ad
940 356 1210 436 defendendum

112 489 137 568 5
160 463 453 563 compararenturL
488 462 538 532 lta
555 518 566 552 ,
589 458 711 532 litteris
725 457 870 555 acceptis
887 513 899 545 ‚
922 482 1031 556 quum
1048 457 1087 529 in
1103 457 1211 557 oppi-

160 563 246 635 dum
262 561 390 637 reversr
406 558 536 649 client,
560 557 620 656 qui
638 555 774 628 mittere
793 554 954 652 glandem
973 555 1138 652 scriptam
1157 555 1209 628 so·

160 660 303 745 lebant,
329 655 522 756 insequenti
536 678 692 751 tempore
708 653 780 725 duo
796 651 953 724 Lufitani
968 653 1088 727 fratres
1098 672 1210 727 trans·

160 757 257 857 fugae
269 756 591 850 nunciaruntquam
602 749 1002 848 Pompejusconcionem
1013 751 1208 826 habuill'et':

162 861 308 951 quoniam
324 855 429 956 oppido
439 853 570 948 firbfida'o
585 879 644 921 nan
656 853 750 951 posset
765 855 871 919 venire
892 906 903 939 ,
927 853 1015 918 nodia
1029 876 1071 918 ex
1081 850 1208 920 'adver-

153 958 312 1045 fhriorum
332 954 489 1054 conspedlu
502 954 541 1041 se
557 949 740 1020 deducerent
761 946 806 1016 ad
821 973 905 1018 mare
922 949 1066 1045 vesum:
1091 971 1205 1021 unum

163 1048 388 1146 respondiffe,
406 1072 439 1119 ut
457 1065 468 1099 ¹
479 1053 582 1148 potins
593 1047 635 1117 ad
643 1044 853 1115 dimicandum
862 1044 1095 1138 descenderent,
1113 1071 1206 1142 quam

63 1161 65 1166 ’
158 1149 370 1248 fignumfuga
387 1146 592 1238 ostenderent:
617 1164 714 1232 tum,
736 1142 795 1238 qul
807 1142 853 1213 ita
869 1141 1007 1214 locutus
1023 1140 1131 1234 effet,
1152 1141 1207 1240 ju·

112 1238 140 1313 6
166 1242 336 1344 gulatum.
373 1245 510 1317 Eodem
536 1263 691 1341 tempore
710 1238 874 1313 tabellarii
889 1239 962 1335 ejus
982 1239 1208 1330 deprehenli,

164 1342 225 1439 qui
240 1343 283 1415 ad
300 1343 469 1438 oppidum
487 1340 691 1429 veniebant,
706 1362 857 1438 quorum
872 1337 999 1410 litteras
1015 1336 1137 1409 Caesar
1147 1362 1207 1437 op-

165 1440 298 1537 pidanis
317 1439 466 1537 objecit,
489 1442 547 1532 bt,
572 1438 633 1541 qui
648 1437 754 1511 vitam
771 1435 833 1508 srbi
850 1456 998 1534 peteret,
1019 1434 1117 1533 juffit
1135 1457 1207 1512 tur·

113 1553 141 1631 7
168 1562 240 1608 rem
256 1536 409 1635 ligneam
421 1537 676 1637 oppidanorum
691 1534 891 1609 incendere:
917 1533 986 1606 idfi
1002 1532 1160 1630 feciffet‚
1175 1534 1206 1610 ei

165 1635 198 1706 se
214 1635 373 1730 promisrt
387 1638 504 1709 omnia
521 1634 782 1710 conceffurum:
803 1633 899 1731 quod
912 1631 1053 1726 difficile
1069 1658 1144 1711 erat
1157 1634 1204 1710 fa·

116 1717 140 1794 8
165 1731 247 1818 uu,
271 1754 311 1807 ut
323 1759 398 1807 eam
414 1755 544 1808 turrem
558 1734 628 1808 fine
638 1731 792 1831 periculo
805 1732 882 1831 quis
897 1731 1111 1809 incenderet.
1127 1755 1143 1789 2
1160 1736 1210 1810 lu

165 1830 211 1878 *l*
227 1831 382 1906 facturus
395 1833 438 1906 de
456 1832 555 1932 ligno
572 1855 683 1930 quum
699 1829 843 1929 propius
859 1830 1063 1920 acceffiffct‚
1088 1832 1134 1906 ab
1149 1860 1210 1932 op·

163 1928 298 2027 pidanis
312 1929 362 2003 est
376 1930 519 2004 occisus.
545 1929 675 2004 Eadem
696 1927 799 2001 nodlc
815 1925 990 2028 transfuga
1007 1932 1213 2020 nunciavit,

72 2090 75 2100 .
165 2028 395 2127 Pompejum,
421 2026 671 2102 &Labienum
692 2083 704 2119 ,
725 2026 1000 2126 dejugulatione
1016 2029 1212 2129 oppidano·

165 2149 245 2198 rum
263 2125 459 2226 indignatos
474 2125 550 2200 ell'e.

113 2224 140 2304 {1
214 2222 340 2298 XIX.
365 2222 495 2324 Vigilia
511 2220 657 2297 secunda
681 2242 823 2321 propter
839 2225 1103 2300 multitudinem
1124 2228 1214 2304 telo-

169 2342 246 2391 rum
260 2321 363 2394 turris
381 2320 493 2422 lignea
504 2379 515 2414 ‚
526 2344 607 2419 quae
621 2320 734 2395 nostra
749 2320 881 2412 fuiffct‚
907 2342 918 2382 ³
937 2324 981 2397 ab
998 2325 1070 2396 imo
1081 2326 1214 2403 vitium

118 2418 145 2473 2
169 2415 251 2491 fecit
269 2475 280 2510 ‚
304 2417 412 2518 usque
429 2421 471 2493 ad
487 2419 682 2505 tabulatum
702 2420 888 2494 secundum
904 2422 1110 2499 &tertium
1138 2427 1216 2501 Eo·

168 2514 247 2588 dem
264 2538 421 2616 tempore
462 2543 501 2603 ro
512 2538 819 2616 muropugnatum
835 2519 1018 2612 acerrime,
1035 2523 1215 2600 &turrim

169 2611 342 2704 nostram,
368 2635 408 2686 ut
425 2544 664 2712 liiperiorem,
688 2615 940 2690 incenderunt:
966 2618 1096 2692 idcirco
1114 2624 1217 2721 quod

123 2706 146 2789 3
170 2734 315 2785 ventum
332 2710 495 2808 oppidani
505 2712 691 2785 secundum
709 2712 914 2789 habuerunt.
938 2717 1138 2815 Insequenti
1162 2724 1218 2798 lu·

169 2835 209 2881 ce
228 2805 479 2881 materfamilias
492 2809 533 2881 de
550 2833 653 2882 muro
672 2809 706 2883 se
723 2810 870 2910 dejecit,
895 2815 992 2888 &ad
1012 2840 1075 2887 nos
1091 2821 1221 2896 tranfi.

167 2907 251 2990 liit,
276 2904 436 3003 dixitque
461 2927 479 2970 4
494 2906 526 2979 se
541 2931 621 2980 cum
641 2907 767 2982 familia
786 2910 1016 2988 constitutum
1033 2911 1221 3012 habuifle‚

1180 3038 1221 3093 Ut

204 3147 227 3184 r.
246 3133 375 3181 Potius-
379 3137 517 3198 jugulatum]
535 3139 588 3187 MS.
600 3142 673 3188 Norv.
706 3139 788 3206 longo
806 3137 868 3189 fune
893 3135 1028 3188 caesariani
1046 3150 1101 3185 crus
1118 3138 1217 3196 vinxe.

169 3196 275 3249 exhibet
288 3205 360 3264 potius
376 3204 560 3250 addimicandum
573 3201 676 3254 descen·
706 3218 773 3257 rant.
810 3208 905 3254 Goduin.

171 3265 259 3326 deret,
275 3284 342 3332 quam
354 3269 438 3333 figarum
445 3269 504 3334 fuga
519 3267 677 3330 ostenderem
740 3289 764 3329 3.
783 3273 876 3319 Abimo
888 3270 970 3324 vitium
979 3268 1049 3328 fecit]
1066 3268 1216 3327 AEdificium

170 3345 246 3390 eum,
264 3351 302 3400 qm
317 3339 349 3383 ita
365 3339 447 3384 locutus
464 3339 529 3399 effer,
539 3340 676 3400 jegulaam.
705 3340 788 3386 vitium
795 3331 1216 3399 faceredicuntJutlsconstllticum

170 3398 214 3450 Ad
230 3416 320 3451 vocem
337 3402 456 3452 ultimam
479 3402 549 3469 quod
564 3405 676 3461 attinet,
706 3405 806 3452 ruinam
819 3401 938 3451 minatur.
948 3401 980 3450 ·1.
996 3417 1108 3453 xxvrrr.
1129 3414 1152 3467 ς.
1164 3410 1215 3462 ult,

170 3467 282 3527 melius,
298 3482 325 3519 ut
332 3471 424 3536 opinor
435 3471 460 3518 δι
470 3471 560 3519 rectius
578 3473 673 3519 Πανία.
706 3471 733 3520 &
750 3470 769 3519 1.
784 3483 844 3517 xxx.
859 3472 891 3517 D.
910 3469 999 3518 locati.
1033 3476 1111 3520 Branr.

206 3551 231 3584 2.
248 3542 284 3584 Ita
301 3536 336 3570 ²⁶*
349 3538 453 3597 facturus
467 3538 492 3581 de
506 3538 577 3597 [μιν]
594 3538 674 3583 Lacu·
736 3554 761 3595 4.
779 3537 808 3582 Sc
823 3551 871 3581 cum
882 3535 991 3594 familia]
1008 3540 1048 3584 lta
1061 3536 1114 3586 haec
1132 3539 1214 3592 refert

171 3613 207 3651 na
231 3603 342 3668 antiqua.
365 3604 433 3648 MSS.
458 3599 508 3648 duo
524 3601 610 3650 ranan.
633 3598 673 3665 (ut
703 3601 752 3658 Jul.
772 3602 842 3662 Celsus
858 3602 903 3652 vit.
922 3599 985 3650 Caes.
1003 3618 1029 3668 p.
1041 3619 1101 3665 241.
1118 3610 1216 3656 Matro-

170 3669 199 3719 &
216 3673 270 3720 Ms.
284 3662 370 3729 Nora.)
387 3663 482 3714 habent
498 3668 530 3712 ita
537 3665 593 3724 fune
609 3682 671 3712 crure
700 3683 730 3712 na
747 3665 758 3714 e*
773 3684 836 3716 muro
850 3669 945 3728 desiliens
960 3672 1048 3732 diaitfe
1060 3686 1109 3716 cum
1127 3675 1214 3724 ancil-

170 3737 198 3779 de
213 3738 284 3795 ligna,
300 3729 366 3782 unde
380 3731 441 3798 lego
458 3747 490 3779 tta
499 3732 669 3791 funecrurede-
700 3731 727 3781 la
741 3735 785 3795 sua
798 3734 1062 3801 statuijfetransfugere3
1080 3737 1145 3802 legit
1158 3740 1215 3806 igi·

169 3799 253 3869 ligato.-
269 3814 302 3853 rte
320 3800 391 3854 enlm
407 3799 436 3853 iu
451 3796 539 3853 urbem
554 3794 671 3876 lugeret,
701 3811 742 3854 tut
756 3800 785 3856 itt
798 3800 883 3856 nostro
893 3806 920 3869 se
938 3821 986 3858 orm
998 3805 1091 3870 famula
1106 3807 1158 3860 &c
1177 3808 1216 3855 li-

1167 3884 1214 3929 cet
