2616 4462
194 300 279 394 ,5'24‘
409 287 453 364 C.
476 292 510 388 J.
541 291 764 369 crasans
786 292 1042 372 Conantur.

153 447 176 514 [ι
251 412 358 490 ΧΧΙ.
381 411 505 509 Quum
518 413 682 488 refisteret
697 417 861 490 Servilius
876 417 1012 504 consul,
1039 415 1236 516 reliquique*

201 511 417 611 magistratus
439 537 449 598 3
473 511 509 584 &
526 511 639 586 minus
660 514 826 610 opinione
842 514 898 587 sua
913 514 1082 608 efficeret;
1104 515 1146 587 ad
1164 515 1229 585 ho·

200 610 337 684 minum
348 607 525 682 excitanda
535 608 663 701 studia,
679 610 807 684 sublata
816 613 931 710 priore
942 613 1037 711 lege,
1060 613 1141 684 duas
1151 637 1233 709 pro·

201 705 395 805 mulgavit:
422 729 524 778 unam
540 762 552 796 ‚
577 730 645 802 qua
658 709 829 783 mercedes
845 709 1092 782 habitationum
1106 731 1233 781 annuas

199 801 475 878 conduoloribus
490 803 652 892 donavit3
674 804 812 879 alteram
826 807 1020 880 tabularum
1041 829 1207 877 novarum
1222 827 1232 874 ε

46 965 52 980 .
153 920 180 988 ,ω
204 901 406 998 impetuque
430 899 672 974 multitudinis·
688 901 723 975 in
741 902 784 975 C.
805 904 1026 978 Trebonium
1053 901 1171 993 nuo,
1194 904 1233 974 &

203 997 380 1072 nonnullis
399 998 604 1087 vulneratis,
627 1023 708 1072 eum
722 1001 764 1074 de
779 1001 942 1074 tribunali
954 999 1152 1076 deturbavit
1166 1025 1175 1070 a
1191 1000 1234 1071 de

203 1095 333 1195 quibus
349 1093 450 1168 rebus
466 1095 632 1170 Servilius
640 1097 775 1170 Consul
785 1100 828 1171 ad
843 1102 1006 1174 Senatum
1021 1096 1161 1185 retulit,
1177 1097 1236 1170 se-

156 1211 181 1293 3
206 1191 371 1291 natusque
387 1191 543 1265 Coelium
553 1192 595 1265 ab
610 1195 704 1292 Rep.
721 1198 971 1271 removendum
988 1194 1127 1268 censuit.
1152 1193 1238 1266 Hoc

206 1293 345 1365 decreto
360 1314 441 1362 eum
457 1289 591 1362 Consul
608 1292 734 1365 Senatu
750 1294 930 1390 prohibuit
946 1349 958 1381 ,
984 1295 1021 1365 &
1042 1290 1238 1364 concionari

154 1391 185 1484 '4
206 1409 387 1461 conantem
404 1386 447 1461 de
466 1387 606 1461 Rostris
626 1387 782 1469 deduxit.
806 1390 868 1462 llle
880 1389 1068 1486 ignominia
1089 1387 1238 1472 &dolo-

204 1509 244 1560 re
263 1504 439 1581 permotus
455 1483 564 1581 palam
583 1485 798 1582 se'proficisci
808 1487 848 1557 ad
865 1486 1034 1558 Caesarem
1044 1484 1239 1574 simulavit,

204 1582 294 1656 clam
311 1581 444 1654 nunciis
459 1583 498 1654 ad
522 1582 693 1654 Milonem
713 1580 815 1654 millis
830 1639 840 1668 ,
865 1583 925 1680 qui
949 1580 1079 1653 Clodio
1096 1580 1238 1660 interfe-

205 1676 287 1768 ἃο,
310 1704 352 1752 eo
370 1678 512 1752 nomine
528 1701 600 1753 erat
614 1677 792 1752 damnatus
809 1703 819 1765 ;
843 1703 888 1771 at,
927 1691 968 1770 e,
992 1703 1034 1750 eo
1055 1678 1090 1750 in
1105 1677 1238 1751 ltaliam

203 1796 373 1865 evocato,
396 1777 492 1874 quod
508 1775 639 1873 magnis
653 1775 854 1861 muneribus
891 1777 951 1850 atis
965 1773 1174 1874 gladiatoriae
1187 1774 1239 1846 fa-'

55 1944 62 1957 ,
206 1872 312 1955 miliae
330 1873 488 1971 reliquias
504 1871 664 1958 habebat,
689 1872 751 1946 libi
767 1874 969 1973 conjunxit,
992 1893 1095 1969 atque
1110 1872 1238 1946 eumin

133 1978 185 2070 ·'5
207 1969 385 2044 Turinum
410 1970 451 2040 ad
483 1968 712 2044 sollicitandos
738 1971 885 2067 pastores
910 1970 1085 2068 praemisit.
1135 1968 1237 2066 Ipse,

206 2091 317 2165 quum
334 2065 525 2140 Cafilinum
543 2067 702 2155 veniret,
725 2092 866 2165 unoque
885 2089 1040 2166 tempore
1056 2065 1148 2165 figna
1164 2066 1238 2163 ejus

205 2165 362 2238 militaria
377 2182 480 2261 atque
488 2186 578 2235 arma
593 2162 725 2258 Capuae
735 2164 841 2239 ellent
854 2164 1117 2261 comprehensa,
1140 2161 1238 2237 fami-

205 2262 249 2338 lia
266 2259 419 2359 Neapoli
434 2258 518 2346 visa,
531 2281 643 2358 ¹atque
659 2261 810 2358 proditio
826 2263 945 2360 oppidi
959 2281 1154 2362 appareret;
1180 2285 1239 2358 pa-

206 2355 519 2441 tefaffisconfiliis,
544 2358 703 2433 exclusus
720 2358 862 2455 Capua,
886 2361 922 2434 &
938 2359 1132 2460 periculum
1149 2358 1240 2430 veri-

206 2475 285 2545 tus,
309 2454 403 2550 quod
415 2475 607 2528 conventus
623 2480 714 2528 arma
729 2477 864 2554 ceperat
881 2513 892 2544 ‚
916 2478 1019 2552 atque
1035 2480 1115 2529 eum
1134 2454 1240 2529 hostis

205 2552 286 2626 loco
304 2551 498 2626 habendum
519 2552 761 2645 existimabat,
785 2551 928 2626 confilio
954 2552 1110 2648 destitit3
1134 2574 1239 2652 atque

205 2675 249 2724 eo
267 2650 387 2723 itinere
400 2649 467 2724 sese
481 2650 617 2722 avertit.

48 2770 51 2783 ·
157 2764 178 2834 '1
252 2746 376 2822 XXll.
403 2746 544 2819 interim
563 2746 674 2836 Milo,
697 2745 974 2820 dimiffiscircum
989 2742 1240 2843 municipialit-

156 2846 160 2854 ’
207 2844 304 2936 teris,
318 2871 374 2933 ea,
397 2850 476 2940 quae'
490 2841 634 2932 faceret,
641 2842 733 2940 Jull’u
743 2863 844 2941 atque
854 2844 999 2942 imperio
1015 2844 1120 2918 facere
1132 2843 1242 2914 Pom·

206 2942 298 3042 peji‚
324 2958 336 2994 ¹
356 2965 435 3038 quae
451 2940 605 3011 mandata
624 2940 666 3012 ad
685 2940 716 3013 se
732 2965 794 3047 per
804 2942 971 3018 Bibulum
986 2943 1095 3017 delata
1110 2938 1238 3012 ell’ent:

813 3074 816 3079 ·
1146 3061 1241 3137 quos

207 3184 268 3240 dfes,
280 3199 323 3232 eos
339 3178 450 3235 scilicet,
467 3191 531 3242 quos
548 3183 639 3232 nemoi
660 3199 707 3232 no·
741 3184 764 3233 ci
780 3184 859 3233 etlam
873 3182 907 3232 est
921 3189 954 3234 D.
974 3184 1042 3253 luffa
1050 3180 1197 3232 emendatio
1217 3192 1243 3227 us

206 3247 279 3297 rabat
296 3248 431 3312 plurimum
447 3244 568 3303 cerebram
587 3250 613 3298 δι
650 3248 705 3298 esti·
736 3251 778 3311 sex
791 3250 952 3308 menfiumdie3
969 3267 1048 3306 nam,
1064 3249 1112 3299 hac
1125 3257 1243 3308 recepta,

207 3315 264 3362 nati
280 3315 307 3362 in
322 3310 461 3366 solutione,
479 3326 532 3375 quae
547 3312 657 3377 partibus
674 3313 705 3364 fi·
740 3314 789 3363 dici
808 3329 859 3363 non
876 3315 956 3380 potest
974 3351 982 3374 ‚
1008 3314 1103 3365 Rufum
1122 3315 1242 3360 delirorum

206 3391 240 3427 ve
253 3376 413 3443 penfionibus
427 3373 506 3426 fieret.
523 3381 625 3428 Haterii
640 3378 705 3430 sum·
739 3381 834 3440 cauffam
847 3382 979 3444 suscepisse,
1005 3396 1081 3448 quum
1105 3379 1137 3427 iis
1156 3376 1243 3444 potior

208 3458 264 3494 mus
280 3447 305 3504 J.
315 3449 341 3493 F.
349 3445 475 3491 Gronovius
488 3442 519 3491 de
529 3448 583 3494 Pec.
594 3450 649 3495 Ver.
659 3444 704 3496 lib.
737 3444 812 3493 fuerit
829 3443 933 3504 Cesaris
949 3449 1024 3497 ratio.
1068 3450 1164 3494 Davies.

208 3525 248 3559 tv.
268 3526 321 3576 cap.
333 3528 357 3559 v.
375 3525 398 3574 p.
420 3517 476 3580 ⁶.35'·
495 3507 546 3574 seq.
566 3509 704 3575 exquibus
772 3526 794 3560 1.
819 3513 875 3570 Qua
893 3515 996 3560 mandata
1010 3516 1039 3561 ad
1048 3513 1123 3576 seper
1140 3512 1246 3571 Bibulum,

104 3580 107 3585 '
207 3587 278 3642 patet
294 3576 381 3625 frustra
396 3572 429 3624 ess
460 3575 646 3633 Decrianum,
662 3577 705 3638 qui
731 3576 809 3622 'delata
828 3578 914 3639 efferar]
938 3583 1010 3645 Lego
1037 3580 1177 3625 Vibullium:
1204 3574 1243 3625 uti
1280 3586 1288 3637 j

207 3640 308 3707 reponit
321 3591 486 3706 sexagesimis
500 3642 570 3686 nebus
586 3673 593 3696 ‚
610 3640 637 3688 id
653 3638 703 3696 est,
736 3637 897 3705 scriptumest
907 3643 933 3691 in
945 3659 968 3693 v.
978 3642 999 3693 ε’.
1012 3641 1095 3694 nostro
1112 3644 1137 3691 δι
1154 3644 1241 3695 Petau.
1305 3646 1307 3651 ’

206 3720 234 3756 ut
244 3707 295 3775 ipse
306 3709 432 3773 explicat,
449 3723 503 3751 anno
513 3720 576 3769 quem
593 3707 659 3767 (astar
670 3710 705 3752 in·
736 3720 798 3765 narn
814 3704 915 3757 Bibulus
947 3711 999 3769 jam
1025 3720 1138 3760 mortuus
1155 3717 1241 3764 etat3

201 3774 292 3835 stiram
304 3780 355 3837 jam
372 3777 443 3820 animo
459 3780 576 3831 conceperat
594 3785 602 3825 ;
626 3786 702 3820 nemo
734 3784 852 3834 praterea
875 3775 920 3826 ille
941 3771 1039 3843 semper
1054 3776 1082 3825 in
1097 3772 1170 3832 mati.
1206 3775 1242 3821 D.

207 3842 277 3907 euim
292 3853 404 3906 unquam
418 3837 456 3886 ita
469 3832 617 3887 locutusest.
630 3841 702 3892 Nau·
739 3839 827 3902 Voffiae
