2616 4462
212 251 290 335 474
444 225 491 301 C.
513 223 546 320 J.
571 222 794 334 CAEsAms
816 187 1067 298 connino}

162 374 186 463 3
208 349 284 424 Sub
302 343 395 421 teilo
412 346 508 429 miles
518 348 656 420 dextera
670 371 708 421 ac
724 343 852 420 finistis
866 370 968 421 muro
978 345 1108 431 tectus,
1123 344 1250 422 advers

212 445 266 519 sus
284 445 391 544 plutei
413 444 576 542 objeiffl,
601 471 623 517 o
669 444 696 516 ri
714 469 931 542 quaecunque
955 444 1029 517 usui
1048 445 1148 533 sunt,
1174 447 1248 521 line

162 569 191 650 4
212 540 368 643 periculo
383 541 572 651 supportat.
640 541 774 617 cleriter
792 567 844 617 tes
861 541 1115 619 administratur
1134 566 1144 613 t
1165 543 1256 615 diu-·
1301 600 1304 607 .

212 640 307 714 turni
324 639 705 714 labortsdetritnentum
717 639 909 731 sollertia&
924 657 935 690 ¹
957 638 1247 713 virtutemilitutn

211 737 309 813 brevi
328 736 602 815 reconcinnatut.
626 738 763 821 Portae,
788 732 916 835 q'uibus
936 737 1020 811 locis
1037 736 1195 827 videtur,
1211 761 1249 809 e·

182 847 187 853 ’
211 835 383 935 ruptionis
398 834 505 907 cauffo
515 834 551 908 in
567 859 669 908 muro
685 834 943 933 relinquuntur.

162 952 185 1005 ι
260 933 364 1008 XVI.
388 932 498 1028 Quod
515 932 576 1007 ubi
592 933 703 1008 hostes
720 933 899 1018 viderunt,
922 956 980 1023 ea,
1003 955 1083 1031 quae
1092 931 1152 1005 diu
1168 930 1247 1006 lon·

211 1042 331 1130 'goque
345 1028 452 1127 spatio
462 1029 556 1104 refici
567 1056 637 1106 uon
649 1031 741 1129 polle
750 1030 949 1126 sperallent,
975 1054 1164 1129 paucorum
1175 1029 1246 1103 die-

212 1153 293 1202 rum
309 1152 414 1225 opera
430 1128 467 1202 &
482 1127 652 1203 laboreita
667 1127 811 1219 refello,
837 1149 877 1201 ut
893 1127 1008 1203 nullus
1025 1124 1180 1224 perfidiae
1190 1151 1248 1199 ne·

213 1250 285 1334 que
296 1226 469 1322 eruptioni
478 1225 575 1300 locus
590 1227 690 1313 ell'et3
713 1240 828 1324 neque
837 1225 1025 1324 quidquam
1040 1228 1186 1298 omnino
1197 1249 1250 1298 re·

215 1322 448 1422 linqueretur,
473 1348 545 1421 quo
565 1345 624 1397 aut
639 1324 673 1395 vi
690 1323 878 1412 militibus,
902 1345 960 1397 aut
978 1321 1050 1422 igni
1065 1323 1251 1422 operibus,

167 1434 194 1488 2
217 1421 333 1496 noceri
349 1419 460 1516 pollet
476 1446 487 1508 3
510 1421 703 1520 eodemque
724 1420 887 1519 exemplo
903 1422 1053 1494 sentiunt
1069 1442 1176 1517 totum
1192 1443 1250 1491 ur-

216 1517 296 1591 bem
313 1575 325 1606 ,
350 1526 368 1569 2'
384 1541 450 1616 qua
467 1517 507 1591 fit
522 1519 660 1607 aditus,
683 1517 726 1591 ab
742 1541 852 1607 terra,
877 1543 1003 1608 muto,
1022 1515 1251 1613 turribusque
1292 1544 1295 1550 ·

215 1614 391 1689 circumiri
406 1615 523 1712 poll'e3
548 1614 611 1700 fic,
638 1638 678 1690 ut
690 1616 768 1713 ipfis
782 1615 986 1689 conlistendi
1004 1617 1038 1687 in
1055 1615 1120 1687 suis
1133 1612 1252 1686 muni-

216 1712 372 1792 tionibus
385 1713 482 1786 locus
492 1713 674 1803 noness'et,
689 1738 798 1811 quum
809 1738 895 1810 pene
912 1712 1114 1786 inaedificata
1129 1711 1252 1806 intuu-

218 1812 263 1885 ris
276 1811 319 1883 ab
328 1811 485 1885 ‘exercitu
502 1811 619 1884 nostro
635 1811 762 1885 moenia
773 1810 992 1898 viderentur,
1014 1833 1052 1881 ac
1067 1808 1135 1883 tela
1146 1831 1251 1883 tnanu

173 1923 196 2009 3
220 1908 477 2007 conjicerentur
496 1934 508 1998 ;
530 1908 742 2008 suorumque
757 1927 1011 1982 tormentorum
1028 1905 1150 1992 usurn,
1172 1904 1252 2001 qui-

221 2005 286 2081 bus
300 2005 362 2104 ipsi
381 2029 502 2104 magna
516 2005 752 2103 speraviffent,
771 2004 877 2103 spatio
884 2004 1149 2102 propinquitatis
1163 2001 1252 2073 inte·
1300 2082 1304 2088 ,

219 2105 287 2178 rire
304 2130 314 2193 3
342 2105 482 2201 parique
498 2104 696 2176 conditione
713 2102 733 2175 ὲ
749 2128 852 2177 muto
870 2127 909 2176 ac
931 2103 1084 2175 turribus
1101 2096 1253 2173 bellandi

219 2203 317 2293 dato,
341 2199 642 2275 virtutesenostris
655 2199 1016 2298 adaequarenonpollc
1033 2198 1253 2298 intelligunt,

219 2299 262 2372 ad
279 2297 408 2371 easdem
421 2297 602 2371 deditionis
617 2298 831 2371 conditiones
847 2318 1040 2372 recurrunt.

119 2416 122 2429 ¹
177 2416 193 2465 1
266 2397 389 2471 XVll.
407 2397 460 2468 M.
472 2397 587 2470 Varro
599 2391 1088 2490 inultetioreHispaniainitio
1104 2390 1261 2491 cognitis·

223 2493 262 2566 iis
280 2494 400 2582 rebus,
415 2517 495 2590 quoe
506 2490 1253 2592 suntinltaliagestae,diffidensPornpejanis

176 2603 200 2656 2
224 2590 343 2671 rebus,
367 2588 562 2664 amiciffime
577 2591 619 2664 de
634 2589 768 2665 Caesate
783 2588 1002 2689 loquebatur.
1019 2610 1254 2690 preoccupotnm

217 2689 285 2782 sese
300 2691 445 2786 legatione
460 2685 566 2763 oan.
579 2695 738 2788 Pompejo,
764 2685 1033 2784 teneri-obslrillnm
1040 2684 1132 2783 fide.-
1153 2684 1251 2775 neces·

118 2827 121 2836 ·
217 2785 381 2883 fitndinem
398 2787 519 2881 quidem
529 2783 589 2880 fibi
604 2787 698 2855 nihilo
718 2792 865 2857 minorem
876 2812 950 2864 ,cnm
967 2784 1077 2877 Caesare
1089 2778 1253 2850 intercede-

225 2910 277 2954 re:
299 2909 395 2978 neque
406 2886 442 2980 se
457 2890 612 2983 ignorare,
636 2883 717 2979 qnod
731 2883 933 2979 effetofficinm
948 2884 1059 2980 legati,
1083 2896 1095 2936 ³
1116 2876 1254 2974 qnifidn-
1276 2916 1279 2921 ·

1130 3001 1258 3045 clumam
1288 3066 1291 3071 ἢ

261 3144 283 3178 t.
304 3133 387 3178 Vinrne
401 3130 497 3181 militnm
512 3130 574 3177 lreoi
589 3131 724 3178 reconcinna-
755 3129 870 3184 alterna,
886 3137 913 3174 ut
929 3122 994 3175 bene
1011 3133 1079 3196 ην».
1090 3127 1141 3170 Vm.
1153 3120 1257 3169 Beroald-

149 3192 155 3204 '
226 3200 280 3253 rur]
297 3201 326 3244 In
341 3211 365 3245 v.
376 3213 398 3245 c.
415 3197 499 3247 nostro
515 3199 541 3247 δι
561 3199 632 3256 cujac.
642 3199 721 3247 nnio.
756 3197 793 3244 Sic
803 3181 1258 3256 autemloquitutnostet‚quialllas·

227 3264 279 3311 Pal.
297 3275 325 3310 ac
343 3267 408 3325 Bong.
432 3261 467 3311 est
480 3264 651 3310 reconciliatur:
677 3259 723 3327 (fic
753 3258 811 3310 filia
826 3260 995 3315 tribnspartrbns
1004 3277 1061 3306 marr
1077 3252 1213 3307 alluebatur,
1228 3262 1258 3300 ut

228 3330 255 3381 &
273 3331 325 3377 MS.
342 3330 433 3376 Noroic.
455 3341 485 3376 ac
500 3326 572 3377 editt.
590 3333 656 3391 tum.
670 3332 721 3374 Van.
754 3326 856 3376 testatur
880 3323 916 3374 est
940 3321 1041 3388 hujusce
1062 3318 1120 3372 libri
1146 3331 1201 3383 cap.
1232 3332 1254 3367 1.

227 3389 340 3457 Bcroald.)
359 3391 429 3456 quod
442 3392 476 3445 ob
490 3405 529 3442 tot
539 3390 654 3442 codicum
663 3407 724 3443 con·
758 3397 852 3443 Daoies.
1077 3399 1080 3403 '

227 3455 326 3511 sensum
340 3456 553 3510 dillimulatenon
567 3456 649 3506 debui.
665 3461 726 3507 Fot-
792 3476 816 3515 3·
833 3460 882 3520 Qui
892 3458 1033 3518 fiduciariam
1050 3446 1260 3517 operamolrineret]

228 3522 273 3574 san
294 3525 350 3589 quis
366 3527 499 3575 meliorem
516 3525 620 3589 vulgata
637 3523 727 3572 lectio·
759 3526 828 3573 Mira
849 3521 949 3576 inscitia
971 3523 1005 3573 est
1035 3516 1205 3572 Hottomanni
1231 3515 1281 3565 δι’

229 3606 289 3641 nem
304 3588 365 3639 inde
376 3589 537 3654 conjestabit.
571 3596 604 3639 D.
618 3589 702 3650 Voffius.
760 3592 909 3647 ciacconii,
926 3592 969 3656 qui
982 3588 1064 3658 ignati
1075 3597 1143 3648 ,quae
1153 3576 1212 3630 ellet
1229 3594 1258 3627 o·

260 3663 289 3714 ἰ.
307 3659 362 3715 Qua
374 3658 404 3715 stt
418 3661 490 3706 aditus
504 3692 513 3714 ,
528 3658 554 3705 ab
565 3659 640 3715 terra]
658 3655 695 3704 Sic
703 3656 730 3703 in
760 3671 818 3722 peta
830 3655 976 3715 fiduciaria,
992 3655 1119 3718 corrigunt
1124 3648 1260 3709 fiduciario»

230 3722 303 3777 ed'ttt.
323 3725 402 3782 Scalit.
429 3727 455 3776 δι
472 3722 542 3789 seqq.
568 3727 602 3770 At
620 3756 628 3779 ‚
645 3719 730 3770 deleta
757 3727 900 3786 provinciam.
917 3715 1261 3789 Qtastnonutfiluoariahae·

231 3789 353 3856 virgula,
380 3785 536 3848 sctibendutu
550 3788 643 3867 qiu-stt
656 3789 729 3858 odilus
761 3791 912 3848 reditas‚'ita
926 3793 952 3843 δι
963 3788 1082 3852 fiduciaria
1098 3796 1160 3847 opera
1174 3777 1262 3896 §lesciis
