2616 4462
54 222 56 227 Ι
161 247 240 348 '726
382 243 1007 324 nriinmconunnr.

164 391 237 464 quo
254 367 440 444 Considius
460 368 568 467 perid
584 391 721 464 tempus
745 365 855 440 suerat
870 390 949 438 cum
966 364 1087 464 grandi
1109 390 1204 464 prae·

115 482 142 576 '3
165 467 269 559 srdio,
293 468 504 564 cohorteque
518 464 820 566 suagladiatorurn.
846 463 985 553 Caesur,
1007 463 1131 561 oppidi
1145 490 1205 538 na·

167 583 243 637 tura
268 563 471 663 perspebba,
496 580 629 661 1atque
649 561 762 656 inopia
785 561 828 633 ab
845 564 1107 660 oppugnatione
1128 564 1205 662 ejus

165 661 348 736 deterritus
369 719 379 751 ,
403 660 561 758 protinus
577 656 751 757 professus
766 659 903 732 circiter
918 658 1025 730 millia
1040 661 1204 756 pass'uum

170 783 217 830 iv
242 777 256 810 2
273 761 313 831 ad
330 783 452 855 aquam
464 756 549 853 ,facit
563 757 668 831 castri
686 781 696 840 3
727 777 830 856 atque
848 754 937 828 inde
952 781 995 830 ιν
1012 756 1068 830 die
1083 757 1204 857 egres·

164 852 220 928 sus
242 914 252 945 ‚
277 856 365 929 redit
381 855 496 927 rursus
517 855 559 927 ad
581 880 618 928 ea
641 855 773 944 castra,
797 878 875 952 quae
895 854 937 925 ad
957 855 1050 952 Agar
1070 855 1202 928 habue-

165 972 227 1025 rat.
253 954 349 1025 Idem
364 949 445 1025 facit
461 951 575 1050 Scipio
593 1010 604 1044 ,
627 974 731 1052 atque
750 951 787 1024 in
803 952 944 1050 antiqua
967 951 1071 1024 castra
1086 952 1203 1051 copias

165 1048 310 1124 reducit.
451 1093 453 1097 >
943 1114 947 1126 .

114 1158 138 1243 [1
213 1147 413 1224 LXXVII.
437 1144 681 1222 Thabenenses
696 1146 852 1237 interim,
865 1144 925 1243 qui
941 1144 1004 1218 sub
1019 1144 1202 1221 ditione&

166 1244 331 1342 potestate
345 1245 446 1341 Jubae
461 1247 526 1318 eisc
543 1243 774 1335 consuessent,
798 1245 834 1315 in
849 1264 1001 1317 extrema
1010 1245 1083 1340 ejus
1101 1243 1202 1344 regni

165 1342 310 1441 regione
323 1343 489 1414 maritima
503 1342 627 1432 locati,
653 1340 833 1416 intersedio
844 1340 940 1438 regio
956 1338 1135 1436 praesrdio,
1155 1343 1202 1415 le·
1237 1342 1240 1347 ’

165 1459 265 1536 gatos
282 1438 324 1510 ad
340 1438 510 1512 Caesarem
527 1440 689 1521 mittunt;
716 1457 727 1497 ³
747 1462 819 1514 rem
834 1438 854 1511 ri
868 1444 899 1510 Ie
908 1438 1036 1536 gestam
1049 1439 1214 1515 docentt.

165 1555 292 1632 petunt
313 1556 510 1635 orantque,
535 1556 576 1609 ut
591 1534 657 1610 suis
676 1533 851 1625 fortunis,
875 1536 918 1608 de
936 1534 1069 1633 populo
1086 1537 1201 1610 Rom.

117 1655 145 1709 ι
168 1634 262 1728 quod
282 1632 369 1706 bene
383 1633 496 1705 meriti
510 1633 633 1723 essent,
658 1633 824 1708 auxilium
839 1631 954 1705 ferret.
979 1630 1119 1724 Caesar,
1141 1658 1199 1705 eo·

168 1752 245 1801 rum
262 1729 403 1803 consilio
421 1730 587 1828 probato,
610 1755 629 1797 4
646 1733 701 1804 M.
713 1731 875 1829 Crispum
895 1729 1099 1803 Tribunum
1117 1754 1200 1804 cum

167 1826 331 1919 cohorte,
343 1829 380 1901 &
393 1827 588 1927 sagittariis,
604 1828 851 1926 tormentisque
861 1826 1101 1925 compluribus
1113 1853 1203 1927 prae·
1218 1902 1222 1907 .

114 1929 143 2025 '3
166 1922 256 2027 fidio
268 1925 470 1998 Thabenatn
481 1926 596 2002 mittit.
622 1927 759 1999 Eodem
775 1945 930 2022 tempore
942 1951 987 1999 ex
1004 1925 1205 2022 legionibus

126 2032 129 2038 '
167 2022 330 2096 omnibus
346 2022 492 2113 milites,
515 2023 576 2120 qui
590 2043 649 2096 aut
665 2021 790 2096 morbo
806 2023 982 2120 impediti,
1006 2043 1087 2112 aut,
1104 2048 1205 2096 com-

167 2138 284 2194 meatu
308 2120 415 2207 dato,
442 2146 522 2193 cum
548 2118 649 2218 fignis
665 2144 736 2192 non
759 2141 942 2216 potuerant
963 2141 1041 2193 ante
1059 2121 1204 2196 transire

167 2217 205 2289 in
222 2216 400 2306 Africam,
425 2219 466 2290 ad
492 2215 597 2290 missia
619 2242 682 2308 ιν,
704 2219 835 2311 equites
855 2243 919 2306 co,
942 2216 1137 2292 funditores
1157 2219 1206 2293 sa·

120 2333 146 2412 4
170 2313 366 2414 gittariique
382 2345 419 2388 00
439 2340 511 2389 uno
528 2336 720 2390 commeatu
730 2314 857 2387 Caesari
873 2337 1108 2388 occurrerunt.
1136 2317 1207 2392 Ita-

168 2435 237 2484 oue
253 2433 328 2486 tum
346 2414 397 2485 his
422 2411 556 2511 copiis,
579 2412 616 2486 &
639 2412 802 2485 omnibus
824 2411 1018 2511 legionibus
1034 2411 1174 2488 edubiis
1192 2474 1205 2508 ,

123 2568 128 2577 .
166 2489 256 2582 sicut
275 2532 345 2584 erat
366 2509 575 2597 instrusius,
606 2534 675 2582 11x
691 2509 842 2581 miIIIbus
885 2506 1014 2580 ossuum
1031 2508 1051 2582 i
1067 2511 1133 2582 suis
1150 2538 1207 2586 ca-

167 2607 266 2697 stris,
290 2606 334 2680 ab
348 2607 516 2704 Scipionis
533 2629 617 2698 vero
638 2630 680 2680 ιν
698 2597 851 2679 millibus
861 2533 974 2708 ionge
993 2607 1148 2679 constitit
1168 2610 1205 2686 in

165 2703 313 2804 cumpo.¹
982 2703 1207 2782 LXXVIII.

203 2887 226 2921 1.
245 2875 326 2934 usique
341 2869 410 2933 inopia
426 2871 453 2916 ab
468 2870 669 2934 oppqqnarioneejut
698 2885 743 2916 rem
763 2870 819 2916 masc
837 2871 919 2934 gestam
941 2870 1069 2922 exhibent.
1110 2873 1207 2930 Inepte

167 2935 299 2996 deterritus]
316 2933 375 2994 Just,
395 2936 478 2997 Lipfius
493 2936 573 2987 Elest.
584 2933 627 2984 lib.
639 2951 669 2982 11.
716 2932 795 2984 rursus
817 2952 825 2992 3
849 2952 966 3000 cumpro
985 2935 1110 2996 casinis&
1129 2937 1206 2983 Hirtii

166 3016 225 3067 cap.
244 3017 319 3052 κιαι.
337 2994 448 3051 rescribit
456 3018 516 3066 aqua
525 3006 611 3066 inopia3
628 2997 671 3049 sed
698 2950 824 3050 iententIa
838 3005 935 3068 optime
949 2999 974 3050 se
991 2994 1107 3066 gesserint
1127 2997 1204 3049 Tha.

167 3066 205 3124 si',
222 3067 371 3123 arridetur,
390 3071 475 3114 Hirtius
484 3082 566 3116 tetum
575 3065 669 3132 oppido
700 3064 830 3120 benenses.
863 3071 931 3118 Idem.

154 3128 543 3199 ‚expugnandonecessariatum
557 3135 671 3199 inopiam
731 3153 756 3195 4.
774 3137 812 3182 M.
834 3135 952 3197 crispum]
977 3126 1085 3191 Quidam
1109 3126 1204 3192 legunt

169 3201 302 3266 intelligat
320 3235 327 3258 ,
344 3198 413 3248 haud
427 3215 490 3267 opus
506 3199 558 3258 est,
575 3213 601 3249 ut
619 3200 671 3259 eius
699 3202 735 3250 M.
749 3200 849 3263 Cispium.
866 3196 912 3246 Sed
926 3196 997 3255 hujus
1012 3196 1047 3245 M.
1059 3194 1125 3255 Crispi
1134 3199 1205 3246 mul·

169 3267 343 3327 conjecturam
351 3265 507 3330 recipiamus.
540 3270 634 3313 Davies.
699 3277 728 3312 ta
743 3266 840 3327 mentio
855 3262 883 3310 fit
899 3259 914 3309 ὶ
928 3265 999 3311 Dione
1015 3257 1080 3308 libro
1091 3259 1204 3322 quadra„

205 3350 228 3382 2.
247 3336 293 3381 ,Aci
308 3333 549 3396 aquamfacitcastra]
566 3333 603 3380 Sic
619 3329 671 3378 edi·
701 3327 796 3396 gesimo
816 3325 941 3392 septimo,
958 3328 983 3375 &
1000 3323 1015 3373 *a
1034 3333 1126 3373 Cicerone
1143 3327 1203 3376 Phi-

54 3410 58 3416 ·
169 3395 254 3448 dimus
271 3415 302 3448 ex
318 3397 368 3448 fide
384 3403 437 3451 MS.
455 3403 546 3448 Nervic.
565 3399 591 3447 &
611 3396 670 3447 edit.
701 3397 761 3460 lipp.
782 3409 823 3444 xr.
848 3408 905 3442 cum
922 3389 1031 3450 scribit,
1054 3393 1094 3453 Q
1114 3395 1203 3439 Marcio

169 3469 245 3528 Steph.
272 3467 365 3536 Vulgg.
381 3479 513 3531 perperam
524 3465 579 3522 ‚fecit
594 3462 670 3521 castra.
701 3462 770 3522 Crispa
785 3461 869 3518 Procas.
887 3463 915 3510 L.
932 3462 1001 3506 Statio
1017 3460 1201 3535 Murc‘ioProcos,

168 3530 250 3603 Idem⁸
368 3559 369 3562 =
699 3522 846 3588 Legendum
857 3536 946 3574 tamen
959 3523 1074 3573 existimo
1084 3522 1149 3587 apud
1167 3532 1202 3571 Cr·

113 3636 118 3645 .
205 3617 227 3654 3.
254 3604 312 3666 Rem
331 3593 346 3642 ἆ
359 3599 384 3658 se
395 3596 476 3660 gestam
492 3595 589 3650 docent]
612 3595 669 3639 Haec
698 3606 814 3646 cerotum,
838 3594 874 3643 M.
894 3591 963 3656 Crispo
983 3592 1067 3652 Procas,
1092 3605 1123 3637 ex
1146 3588 1204 3653 Ipso

167 3664 313 3727 consessura
328 3662 386 3720 Just,
406 3662 471 3722 Lipfii
489 3658 569 3706 Eleis.
581 3653 624 3704 lib.
637 3671 666 3705 ιι.
698 3660 786 3712 Dione,
802 3671 862 3705 nam
877 3656 908 3705 de
924 3657 1017 3707 eodem
1031 3655 1097 3723 apud
1104 3667 1206 3722 utrum·v

165 3745 222 3796 cap.
240 3726 453 3790 xx11.'quemin
470 3720 582 3771 sunedit.
599 3717 667 3768 secu·
698 3736 747 3791 que
764 3723 808 3794 agi
823 3738 877 3781 202
893 3722 997 3781 dubium
1012 3723 1055 3780 est,
1091 3730 1190 3792 maon.

164 3807 206 3853 tur
225 3793 260 3848 est
274 3792 323 3858 Μ.
342 3793 447 3860 Scaliger,
469 3792 565 3846 Omnes
581 3785 667 3862 Codd..
