2616 4462
262 274 321 342 nn
346 269 506 341 Bouto
530 264 696 342 Ctvran
724 267 820 344 Lta.
845 269 912 345 ΙΙΙ.
1043 297 1118 377 599
1203 355 1206 359 Α

91 403 189 461 aetate
205 389 436 472 antecedebat.
462 389 552 460 Haec
567 388 617 460 uti
634 386 776 479 fierent,
801 414 862 485 per
877 414 996 465 omnes
1011 395 1118 486 deos,
1162 467 1164 471 ,

90 510 217 581 perque
232 485 381 576 foedera,
408 511 486 582 quae
495 484 778 574 Romaefecisl‘et,
801 487 921 558 eodem
940 489 1117 563 testamen·
1210 558 1217 567 .

92 605 130 654 to
148 583 357 658 Ptolemaeus
375 585 545 679 populum
562 583 612 653 R.
637 581 878 655 obtestabatur.
903 584 1052 658 Tabulae
1069 608 1118 659 tc·
1141 602 1170 679 4

91 680 247 752 stamenti
266 737 276 767 ,
301 705 382 751 unae
402 705 460 776 per
477 680 606 776 legatos
621 680 693 775 ejus
709 681 863 751 Romam
881 704 975 754 crant
992 684 1122 772 allatae,

64 826 67 832 ·
98 794 108 828 ¹
127 776 218 848 utin
237 777 355 849 aerario
374 799 585 874 ponerentur
608 781 700 867 (eae,
725 801 833 873 quum
852 801 992 876 propter
1007 781 1123 878 publi·
1213 788 1218 803 ’

92 898 146 946 cas
161 875 402 971 occupationes
413 873 494 970 poni
509 898 577 960 non
593 873 796 970 potuissent,
812 876 902 970 apud
916 877 1123 975 Pompeium
1152 909 1155 915 ·

39 1032 41 1036 ,
93 969 173 1042 sunt
190 971 389 1065 deposttae,)
414 972 548 1060 alterae,
565 969 684 1042 eodem
702 970 884 1068 exemplo,
901 971 1048 1065 relislae,
1072 997 1123 1047 at-

95 1093 164 1166 que
179 1067 365 1166 obfignatae
385 1068 601 1159 Alexandriae
617 1065 889 1164 proferebantur.

144 1164 242 1237 CIX.
260 1166 326 1237 'De
342 1164 393 1237 his
408 1165 507 1238 rebus
524 1189 632 1263 quum
651 1185 809 1262 ageretur
825 1167 915 1264 apud
932 1164 1123 1252 Caesarem3
1152 1188 1166 1235 1

40 1265 44 1357 ζ
95 1261 190 1358 isque
205 1263 353 1336 maxime
370 1261 545 1361 velletpro
564 1262 741 1334 communi
753 1261 863 1335 amico
878 1285 980 1361 atque
997 1261 1125 1335 arbitro

96 1358 343 1432 controversias
358 1383 479 1458 regum
497 1372 731 1456 componere:
757 1357 869 1432 subito
889 1362 1057 1432 exercitus
1075 1386 1127 1431 re·

96 1456 190 1554 giuS,
215 1458 454 1554 equitatusque
472 1458 581 1530 omnis
594 1456 709 1529 venite
726 1457 967 1530 Alexandriam
987 1460 1127 1530 truncia-

97 1575 165 1626 tut.
189 1548 331 1628 Caesaris
347 1555 457 1652 copiae
466 1578 677 1651 nequaquam
694 1575 789 1626 erant
804 1575 928 1643 tantae,
954 1575 993 1631 ut
1008 1555 1054 1627 eis
1067 1580 1122 1627 ex·
1151 1581 1175 1630 2

98 1670 148 1722 tra
165 1653 352 1746 oppidum,
378 1654 401 1723 st
422 1652 501 1723 esl'et
518 1651 771 1739 dimicandum,
796 1652 996 1726 confideret.
1023 1654 1127 1726 relin-

12 1840 14 1844 λ
99 1747 268 1843 quebatur
286 1808 295 1839 ‚
322 1775 361 1823 ut
377 1749 408 1822 se
421 1749 490 1821 suis
506 1746 589 1820 locis
605 1747 734 1842 oppido
750 1767 879 1821 teneret
896 1806 906 1839 ,
930 1747 1127 1822 confilium·
1258 1813 1263 1822 .

100 1868 168 1941 que
189 1848 335 1919 Achillae
347 1846 579 1945 cognosceret.
616 1845 749 1918 Milites
764 1865 876 1918 tamen
892 1871 1010 1918 omnes
1026 1847 1060 1918 in
1077 1874 1126 1919 ar·
1154 1863 1175 1943 3
1261 1926 1263 1930 Α

100 1943 164 2012 mis
179 1943 244 2016 ell'e
255 1944 367 2042 jussit:
393 1948 603 2042 Regemque
620 1943 774 2014 hortatus
789 1941 859 2032 est,
885 1965 923 2015 ut
938 1968 981 2015 ex
996 1944 1127 2016 suisne-

95 2039 241 2113 cessariis
263 2099 272 2128 ‚
297 2055 387 2138 quos
412 2043 549 2113 haberet
566 2041 724 2112 maximae
740 2037 974 2119 auctoritatis,
1000 2041 1129 2138 legatos

50 2209 52 2218 ,
100 2138 140 2207 ad
161 2139 332 2210 Achillam
350 2140 520 2225 mitteret3
540 2139 602 2226 bc,
627 2137 709 2234 quid
727 2136 807 2208 ess'et
832 2137 900 2208 suae
918 2135 1128 2227 voluntatis,

101 2234 306 2309 ostenderet.
333 2240 362 2309 A
378 2261 448 2335 quo
465 2233 547 2307 miffi
561 2233 799 2320 Dioscorides,
815 2235 850 2308 ὅ(
868 2236 1050 2332 Serapion,
1070 2237 1127 2331 qui
1154 2263 1192 2340 4,

100 2331 204 2404 ambo
221 2333 322 2432 legati
336 2337 465 2407 Romae
483 2332 634 2416 fuerant,
651 2329 877 2429 magnamque
893 2335 981 2427 apud
999 2357 1131 2429 patrem

68 2498 70 2503 .
102 2429 332 2504 Ptolemaeum
350 2430 586 2504 auctoritatem
598 2429 803 2516 habuerant,
822 2430 862 2500 ad
874 2430 1044 2502 Achillam
1056 2455 1140 2526 per·v
1203 2470 1205 2474 >

79 2520 82 2525 ’
105 2545 285 2601 uenerunt.
308 2531 409 2624 Quos
426 2528 505 2616 ille,
521 2551 629 2622 quum
648 2527 682 2598 in
697 2525 917 2622 conspeslum
935 2528 1006 2624 cjus
1025 2525 1131 2598 venis·
1157 2549 1181 2626 5
1280 2611 1283 2617 .

103 2619 198 2710 sent,
216 2627 328 2720 prius,
352 2651 452 2722 quarn
470 2625 623 2714 audiret,
648 2642 727 2713 aut,
751 2624 847 2718 cujus
864 2625 909 2698 rei
927 2624 1033 2697 caullii
1050 2621 1133 2695 milli

102 2716 229 2809 essent,
246 2725 482 2818 cognosceret,
495 2721 687 2820 corripi,ac
697 2721 843 2793 interfici
854 2720 959 2820 jussit.
983 2745 1134 2817 quorum

106 2833 121 2865 ²
138 2818 223 2892 alter
240 2840 381 2918 accepto
396 2818 537 2893 vulnere
552 2841 757 2918 occupatus,
783 2844 844 2917 per
858 2820 934 2893 suos
944 2843 1007 2918 pro
1024 2818 1136 2985 pclqilso
1227 2847 1229 2851 ·

1042 2942 1061 2986 u
1104 2941 1138 2988 a·

140 3035 164 3067 2.
181 3023 216 3064 vr
231 3019 253 3064 in
270 3019 345 3065 aerario
358 3018 506 3078 ponerentur]
531 3013 605 3080 Qtod
635 3015 753 3080 exempla
768 3014 822 3063 alia
841 3011 965 3081 congessit
980 3011 1085 3078 Lipsius.
1102 3020 1138 3061 D.

107 3083 134 3132 in
151 3083 200 3132 atde
218 3085 324 3133 Saturni.
353 3087 451 3132 Notum
469 3080 503 3128 est
516 3077 605 3128 solitos
638 3081 725 3140 Voffms.

105 3155 256 3206 Romanos,
273 3149 390 3206 foedera,
406 3147 554 3212 pastiones,
570 3158 607 3194 te·
673 3163 695 3195 2.
720 3146 791 3192 Alter
814 3157 893 3206 accepto
909 3146 1139 3209 vulnereoccupatus]

107 3215 229 3265 stamenta
245 3218 270 3264 in
280 3217 383 3282 templis
398 3228 534 3278 reponere,
550 3224 608 3260 tan·
638 3212 736 3260 Ultima
750 3209 854 3259 voxhuc
870 3224 1066 3270 nonconvenrt,
1082 3227 1140 3262 curn

109 3297 185 3344 quam
201 3282 311 3332 custodia
329 3275 457 3333 tutissima.
475 3275 569 3329 Forsan
580 3279 606 3326 br
639 3274 693 3342 ipsa
701 3278 778 3325 etiam
787 3275 921 3337 interftllum
929 3272 1040 3329 denotet.
1051 3281 1140 3325 Velleius

109 3347 177 3409 quod
190 3348 237 3400 hae
252 3366 278 3399 re
294 3351 425 3416 pactorum
441 3344 608 3410 aursupremae
641 3346 768 3391 Paterculus
782 3341 827 3392 lib.
847 3357 884 3388 rr.
902 3354 956 3403 cap.
970 3357 1040 3391 rvtr.
1057 3341 1099 3392 ubi
1109 3342 1141 3392 de

110 3412 248 3464 voluntatis
272 3414 462 3470 violatoribus,
487 3416 608 3477 impreca·
643 3407 747 3460 casaris
770 3422 852 3458 morte
872 3407 1003 3470 loquitur:
1019 3415 1082 3456 Dum
1099 3413 1142 3457 cle·
1205 3420 1230 3437 ··

110 3490 195 3527 rentur
210 3481 274 3529 iram
292 3487 412 3532 Deorum.
430 3481 467 3530 Sic
484 3478 550 3544 apud
559 3483 610 3527 Ta·
642 3481 760 3535 mantiam,
776 3493 843 3541 quam
857 3473 1003 3536 prestiterat,
1020 3475 1141 3537 exspersus,

111 3545 190 3594 eitum
208 3561 230 3592 1.
246 3550 339 3598 Annas.
358 3542 611 3611 Augussiristamentum
643 3547 741 3592 incautus
765 3545 791 3590 ab
805 3542 895 3605 ingratis
911 3553 1020 3603 occupatus
1036 3541 1077 3601 est„
1098 3542 1144 3600 Ju-

111 3613 349 3676 inlarumpervirgines
360 3615 430 3674 Vesta.
449 3611 538 3676 quibus
550 3607 610 3676 saepe
640 3611 709 3671 stinus
726 3607 770 3660 lib.
789 3623 845 3658 vtr.
856 3621 911 3670 cap.
924 3622 960 3654 rv.
980 3606 1146 3664 Infidiisautem

112 3678 177 3725 talla
192 3676 319 3729 committi
328 3676 411 3729 solita.
429 3679 539 3727 Memini
567 3692 614 3725 uo·
646 3677 760 3736 Eurydices
777 3679 850 3722 rixaris
866 3698 925 3712 --
941 3685 1050 3734 occupatus
1068 3673 1146 3732 suffer

111 3745 201 3806 quein
218 3739 353 3792 Salustiole
373 3761 413 3794 ere
430 3758 490 3804 me,
507 3745 534 3791 in
548 3693 612 3791 iano
646 3746 696 3794 διο.
713 3747 768 3793 Hoc
777 3737 850 3789 senfit
867 3741 891 3798 J.
902 3745 928 3790 F.
940 3741 1079 3794 Gronovius,
1096 3748 1148 3800 qua

109 3807 232 3877 opertas
244 3803 316 3861 fuisse
329 3762 428 3863 saluas
440 3807 556 3868 foederis·
577 3813 611 3868 Et
646 3808 677 3860 de
691 3805 764 3863 causa
777 3803 889 3859 rescribit
903 3809 960 3859 atter
973 3816 1053 3871 accepi.
1067 3805 1148 3856 vaene-

804 3875 882 3940 1’94
1123 3879 1149 3933 r!
