2616 4462
462 104 491 145 l
566 138 572 144 .

214 266 320 367 518.
448 264 494 340 C.
518 266 547 361 J.
572 264 794 346 Cratonis
816 265 1067 345 Couuttur.

218 387 362 462 Interim
379 384 575 486 postulant,
596 386 710 461 utfint
726 388 894 476 induciae3
917 411 1018 488 atque
1033 390 1076 464 ab
1091 390 1250 492 iisimpe÷

161 487 194 584 β
220 508 320 559 trant.
345 509 510 583 magnum
525 486 617 558 enim
637 541 649 574 ‚
673 502 684 535 ¹
702 487 798 584 quod
815 484 997 562 afferebant
1015 547 1027 579 ‚
1050 489 1251 582 videbaturt

217 583 432 658 &Caesarem
442 585 476 655 id
492 582 621 656 summe
632 582 780 657 sciebant
795 609 938 683 cuperet
959 589 996 661 &
1018 606 1032 639 2
1052 587 1249 684 profcclum

215 682 345 777 aliquid
364 679 480 754 Bibuli
493 682 661 757 mandatis
673 681 941 756 existimabatur.

159 792 189 860 'u
264 780 366 855 XVl.
393 777 561 852 Caesareo
577 799 821 876 temporccum
841 780 978 879 legione
993 807 1060 855 una
1076 781 1250 870 profectus

214 878 484 977 adreciptendas
508 877 687 949 ulteriores
711 876 892 961 civitates,
917 880 955 951 dc
977 904 1049 952 rem
1063 879 1250 953 frumenta-

214 975 299 1048 riam
316 973 585 1075 expcdiendam,
608 997 675 1067 qua
691 973 1022 1073 angusteutebatur,
1044 1001 1115 1050 erat
1129 978 1168 1048 ad
1178 981 1251 1050 Bu-

165 1100 194 1153 ι
218 1074 373 1146 throtum
390 1071 588 1171 oppositum
602 1072 783 1169 Corcyrae.
808 1070 859 1142 lbi
881 1072 924 1143 ab
942 1074 1056 1145 Acilio
1073 1075 1259 1160 certior&

214 1173 348 1245 Murco
367 1196 426 1270 per
445 1172 571 1244 litteras
590 1169 698 1242 fadus
716 1169 758 1241 de
782 1167 960 1266 postulatis
976 1169 1124 1244 Libonis
1140 1174 1175 1244 ὃ(
1191 1175 1251 1245 Bi-

161 1282 191 1373 3
217 1265 290 1340 buli
310 1268 483 1368 legionem
510 1267 693 1366 relinquit3
717 1265 785 1364 ipse
800 1266 948 1340 Oricum
969 1270 1165 1341 revertitur.
1194 1271 1250 1344 Eo

242 1390 327 1439 uum
349 1366 518 1456 ventilet,
543 1387 732 1439 evocantur
752 1363 801 1449 illi
812 1364 853 1436 ad
871 1363 1099 1461 colloquium.
1126 1369 1253 1450 Prodit

214 1389 337 1555 hbe,
361 1485 463 1562 atque
479 1464 614 1549 excusat
632 1461 820 1551 Bibulum,
842 1463 965 1558 quadis
983 1464 1149 1531 iracundia
1160 1467 1263 1557 sum.-

213 1586 370 1646 mactat,
398 1565 631 1655 inimicitiasqae
648 1557 774 1629 hahebat
792 1565 888 1628 etium
897 1566 1045 1660 privatas
1065 1586 1134 1627 cum
1152 1566 1252 1651 Casa-

194 1738 196 1753 Ι
215 1682 252 1726 re
274 1675 286 1714 ³
306 1685 347 1743 etc
369 1659 513 1728 adilitate
528 1657 566 1728 <3⁰
575 1680 712 1760 proruta
730 1677 910 1756 conceptas:
934 1655 968 1724 ob
983 1683 1053 1724 eam
1068 1683 1135 1724 rem
1155 1663 1252 1727 collo.

192 1756 195 1771 '
216 1761 323 1846 quiam
337 1760 465 1848 vitaffe,
482 1783 521 1824 ne
530 1782 580 1824 res
589 1757 804 1855 maximaespei
818 1759 1015 1846 muximaeqae
1027 1754 1175 1821 utilitatis
1184 1756 1254 1854 fijai

165 1861 196 1945 4
217 1851 382 1939 iracundia
407 1852 646 1956 impedirentur.
678 1851 819 1952 Pmp‘ss
829 1851 988 1939 stammam
1006 1849 1091 1942 effe,
1114 1876 1152 1918 ac
1159 1852 1252 1944 fuiffe

1161 1951 1251 2036 sem.

250 2121 275 2158 t.
292 2109 361 2172 Qui
374 2109 512 2173 afferebantl
530 2111 586 2155 vox
605 2103 639 2153 est
657 2120 721 2154 nun·
735 2095 776 2152 l&
785 2103 884 2167 inquit,
900 2103 1030 2170 ambigere
1038 2101 1063 2153 se
1072 2119 1105 2154 an
1116 2104 1250 2167 mandata,

214 2171 315 2224 ciorum
330 2175 529 2241 &legationum
544 2174 654 2237 propria.
671 2174 719 2233 Jof.
734 2160 802 2282 lgna
818 2167 923 2231 Caesaris
940 2169 1029 2236 paffim
1045 2171 1175 2230 dicunm1‚
1190 2171 1250 2238 pos-

215 2242 317 2301 ·Scaliger
335 2240 416 2290 edidit
430 2243 486 2306 quod
502 2240 619 2299 asserebam
635 2257 643 2295 3
659 2234 737 2311 sed,l
769 2249 797 2283 nt
814 2237 901 2284 vocari
914 2235 1036 2287 mandata
1055 2234 1167 2287 Vibullii.
1201 2240 1249 2291 Sed

108 2341 110 2348 .
212 2317 384 2369 praeterquam
400 2305 469 2372 quod
477 2302 579 2353 dubium
589 2304 718 2361 videatur,
732 2324 735 2341 ν
747 2297 863 2367 possunt,
881 2316 1003 2366 quatenus
1020 2303 1066 2351 ille
1082 2318 1170 2359 eorum
1183 2321 1248 2355 nun-

214 2383 253 2417 an
270 2370 334 2419 hanc
351 2387 440 2420 vocem
457 2374 484 2420 in
502 2370 627 2431 affirmandi
640 2368 719 2436 figni·
747 2369 798 2416 cius
815 2380 885 2417 erat:
902 2368 971 2417 addit
979 2373 1168 2419 Hottomannus
1178 2372 1249 2421 vide-

212 2432 339 2485 ficatione
361 2436 519 2486 adhibuerint
545 2449 622 2483 aureae
640 2430 721 2486 atatis
748 2434 769 2480 ri
777 2431 904 2491 srbi,tunc
913 2434 1027 2483 nondum
1043 2434 1123 2500 videri
1134 2437 1249 2506 expofita

213 2496 351 2566 scriptores
361 2507 530 2560 ,Msuorvie
543 2503 569 2550 δι
579 2501 639 2550 edit.
650 2508 715 2569 Ram.
748 2495 763 2546 ‘a
780 2497 891 2548 Vibullio
915 2499 986 2548 fuiffe
1008 2498 1154 2550 mandata:
1178 2504 1249 2569 quoti

215 2567 383 2618 mannua.
401 2564 567 2618 temoneiui
584 2579 717 2615 mereren-
748 2560 857 2612 libenter
873 2563 956 2624 fateor
976 2580 983 2614 z
1007 2580 1088 2630 neque
1113 2567 1196 2619 Caesar
1213 2573 1250 2620 ait

212 2643 271 2682 tam
295 2634 424 2684 exhibent.
456 2633 612 2691 videclirist.
633 2634 718 2679 Cellarii
748 2628 862 2694 expossta
874 2628 962 2680 fuilse:
980 2627 1023 2680 sed
1033 2631 1089 2682 suos
1105 2633 1154 2683 hoc
1162 2634 1248 2699 putas-

213 2701 276 2753 ,Cun
293 2700 383 2752 Pollex.
394 2715 453 2765 pag.
473 2714 527 2759 104.
547 2702 573 2749 ὅ(
584 2695 717 2746 Discullio-
746 2691 780 2744 se.
797 2701 896 2744 interea
911 2697 1249 2756 nonomninotejiciocon·

211 2778 275 2815 uem
293 2767 410 2833 Append.
427 2767 528 2815 Danicae
544 2779 602 2829 pag.
615 2761 717 2828 32.seq.
747 2760 866 2820 jacturam
877 2765 1065 2821 Hottomanni,
1081 2767 1124 2831 qui
1135 2765 1249 2830 legebat,

211 2835 313 2882 Dentes.
745 2827 865 2889 profebium
887 2832 915 2876 iri
941 2832 1026 2895 aliquid
1046 2832 1116 2879 Bibuli
1136 2835 1250 2882 mandatis

249 2915 274 2948 2.
292 2896 416 2955 Profillum
428 2897 511 2959 aliquid
523 2898 594 2943 Bibuli
608 2898 718 2944 mandatis
747 2895 919 2943 existimabatur.
954 2900 986 2946 D.
1006 2893 1110 2945 Volllus.

211 2964 392 3022 existimabatur]
409 2967 490 3010 Locus
500 2960 647 3026 depravatus
657 2996 664 3019 ,
674 2964 718 3027 qui
781 2976 804 3014 3.
822 2965 857 3007 Ex
873 2962 972 3008 adilitate
983 2963 1009 3013 (φ
1016 2976 1111 3024 pratum
1125 2965 1248 3025 conceptu]

211 3040 302 3078 tamen
314 3029 556 3078 levimutatiuncula
570 3025 663 3076 restitui
672 3043 718 3092 po·
744 3029 775 3072 In
790 3025 909 3074 aedilitate
927 3030 952 3077 δι
968 3025 1099 3077 consulatu
1111 3029 1177 3076 inter
1192 3030 1250 3075 Cx-

211 3093 277 3158 test:
295 3107 417 3160 quantum
433 3096 502 3142 enim
511 3092 662 3143 discriminis
676 3097 716 3143 in·
745 3088 824 3140 satem
835 3095 861 3142 bt
879 3091 995 3143 Bibulum
1002 3110 1056 3142 non
1070 3093 1135 3143 bene
1154 3108 1248 3142 conve-

210 3171 252 3208 eet
267 3176 362 3210 nomen
378 3163 448 3208 Bibuli
459 3163 484 3211 &
500 3162 600 3216 Vibulli,
616 3158 658 3208 seu
667 3162 714 3224 po·
747 3153 824 3214 niffe,
841 3157 942 3207 tradunt
952 3164 1066 3207 Suetonius
1074 3162 1102 3209 iu
1112 3159 1162 3225 Jul.
1172 3173 1247 3224 capp.

211 3228 262 3274 tius
272 3261 279 3284 ,
288 3228 351 3274 utin
367 3229 476 3291 antiquis
493 3225 620 3277 codicibus
631 3226 657 3274 id
666 3240 713 3274 no·
746 3239 770 3272 x.
786 3226 812 3273 δι
823 3239 865 3274 xx.
883 3239 912 3274 ac
926 3230 986 3274 Dion
995 3225 1041 3276 lib.
1052 3241 1178 3289 xxxv1r1.
1186 3239 1247 3290 pag.

210 3305 274 3341 men
287 3289 399 3341 scribitur
416 3326 423 3349 ,
440 3295 526 3339 Bituiti
545 3326 553 3348 ‚
570 3307 610 3340 aut
625 3294 711 3341 Bibuli.
726 3291 731 3325 ¹
745 3299 787 3338 60.
805 3289 850 3338 Sed
863 3290 894 3340 de
908 3292 1012 3359 iurgiis,
1030 3291 1090 3341 dum
1099 3305 1148 3340 una
1158 3304 1248 3354 pratu-

210 3356 280 3408 Dece
299 3356 319 3405 it
341 3355 470 3406 librarium
488 3357 556 3421 quod
572 3357 612 3405 hic
631 3355 712 3407 sermo
743 3370 798 3403 tam
812 3370 945 3421 gererent,
961 3361 1023 3414 ortis
1040 3357 1248 3420 lilentautlores.

210 3423 245 3475 de
259 3371 349 3471 Bibulo
366 3422 418 3470 est:
435 3420 517 3471 Caesat
534 3421 595 3471 veto
612 3421 711 3487 respicit
743 3420 811 3471 Edit.
838 3423 940 3485 quidem
965 3427 1063 3474 Beroald.
1087 3420 1247 3488 repraeseutat
1294 3443 1296 3446 ·

209 3488 246 3538 ad
259 3487 382 3536 mandata
400 3489 447 3538 illa
463 3488 474 3544 '‚
496 3504 548 3552 qua
566 3487 679 3538 Vibullio
696 3487 710 3537 i
742 3505 768 3533 ex
783 3490 917 3541 adilitatetr
934 3494 1045 3552 consulatu
1052 3503 1174 3552 conceptae:
1190 3502 1247 3536 cum

208 3553 238 3605 se
253 3553 312 3602 data
321 3551 394 3618 supra
406 3557 564 3604 memoravit.
589 3554 710 3603 Viderunt
743 3567 828 3602 autem
852 3553 991 3606 aaronem
1006 3558 1138 3623 vulgatam
1156 3568 1247 3603 omnes

209 3620 261 3670 boc
277 3634 435 3684 quoque,ne
449 3635 524 3684 quem
534 3618 620 3668 debita
635 3619 710 3669 laude
744 3621 789 3669 alii
806 3618 891 3670 codd.
909 3626 1034 3673 retineant
1051 3658 1058 3680 ,
1080 3635 1169 3671 vereor
1187 3653 1195 3676 ,
1213 3633 1248 3667 ne

208 3685 325 3736 fraudem
335 3719 342 3742 ,
351 3685 513 3736 Guilhelmus
523 3690 666 3742 Cametas,
682 3689 708 3738 δι
741 3700 799 3735 eam
808 3699 897 3734 manus
910 3691 1007 3754 critica
1019 3702 1116 3758 temere
1129 3697 1248 3754 mutave·

209 3752 370 3815 piacconius.
411 3758 600 3802 Hottomannus
623 3759 711 3800 tamen
739 3753 780 3803 tit.
815 3755 913 3821 Ducite(

206 3816 318 3895 ambigit
335 3832 369 3870 aa
391 3819 477 3891 legere
494 3818 571 3869 liccat
590 3815 729 3885 viuum..
