2616 4462
338 276 401 330 nn
424 257 583 330 Bsnto
606 254 948 334 Hrsrnurnusr.
1104 270 1183 364 759

144 393 188 450 ut
204 400 271 452 una
286 375 538 475 transfugerent
552 375 594 449 ad
609 374 801 465 Caesarem3
825 376 918 449 illam
934 378 1124 475 oppressam
1140 383 1180 456 ὃς

142 475 348 574 jugulatam.
386 475 472 547 Hoc
487 494 662 572 ,praeterea
680 493 836 573 tempore
857 473 993 549 tabellae
1009 475 1052 550 de
1076 503 1178 553 muro
1201 494 1229 584 4'

146 573 224 646 sunt
236 572 380 671 dejeslae
397 629 406 656 ,
431 571 610 669 inquibus
627 571 856 670 scriptumest
871 573 1053 648 inventurn
1072 599 1081 645 :
1110 592 1121 625 1
1141 583 1179 649 L.

145 677 313 747 Minatius
336 674 469 761 Cafizri:
492 676 528 740 Si
547 670 626 743 mihi
641 680 745 740 vitam
767 668 898 756 tribuis,
923 671 1099 767 quoniamia
1118 681 1177 747 Cn.

144 768 286 870 Pompejo
295 768 368 862 sam
381 769 532 859 desertas,
556 770 677 861 qualem
691 795 739 838 me
758 771 808 836 illi
815 770 964 935 prffiti,
986 773 1047 839 tali
1061 776 1179 840 virtute

144 885 193 941 (γ’
210 863 378 957 conflantia
385 866 532 958 futurum
546 870 642 934 mein
657 867 861 966 teeffepraessa
882 894 908 936 0.
934 866 1070 959 Eodem
1090 886 1178 940 tem·
1201 894 1227 976 5

143 988 228 1062 pore
243 961 494 1059 oppidanorum
514 959 620 1060 legati
637 1017 648 1059 ,
671 962 733 1059 qni
750 982 847 1036 autea
863 961 1038 1055 exierant,
1063 963 1179 1038 Caesa·

143 1086 216 1133 rem
232 1060 412 1152 adierunt,
436 1058 534 1132 fifibi
548 1061 653 1134 vitam
669 1061 893 1153 concederet,
915 1060 981 1135 sese
996 1061 1179 1157 insequen-

144 1159 170 1231 ti
193 1157 248 1232 die
264 1160 432 1259 oppidum
455 1157 521 1230 ell'e
535 1156 724 1231 dedituros.
756 1157 897 1256 Quibus
920 1159 1098 1258 respondit
1114 1218 1126 1252 ,
1139 1166 1178 1252 se
1203 1167 1227 1244 6

144 1260 292 1347 Caesarem
305 1261 361 1348 effe
375 1313 387 1345 ,
401 1256 567 1352 fidemque
576 1255 793 1357 prestiturum.
842 1257 895 1330 Ita
915 1258 1104 1331 antediem
1128 1283 1175 1331 ru

144 1354 298 1428 Kalend·
316 1354 436 1429 Martii
450 1353 583 1453 oppido
604 1351 735 1451 potitus
752 1354 945 1453 Imperator
960 1355 1011 1429 est
1029 1355 1182 1455 appella·
1204 1452 1207 1457 .

134 1472 211 1524 tus.

187 1551 279 1625 XX.
306 1551 354 1625 Et
370 1549 579 1646 Pompejus‚
602 1571 648 1621 ex
663 1548 817 1648 perfugis
837 1575 948 1650 quum
964 1550 1177 1627 deditionem
1207 1574 1230 1640 r,

140 1651 263 1747 oppidi
279 1646 402 1723 nuans
418 1649 485 1720 ell'e
503 1644 610 1719 scisset
628 1703 639 1736 ,
663 1644 767 1718 castra
789 1650 903 1724 movit
925 1649 1084 1724 Ucubim
1102 1674 1181 1723 ver-

142 1745 217 1819 sus:
243 1765 258 1798 2
275 1745 330 1819 sed
348 1748 477 1820 circum
492 1768 529 1815 ea
544 1744 618 1815 loca
635 1741 767 1815 castolla
784 1744 949 1843 disposuit
966 1805 977 1838 ,
1002 1749 1040 1821 &
1061 1747 1180 1821 muni·

141 1844 295 1918 tionibus
310 1844 342 1916 se
359 1843 536 1917 continere
553 1840 672 1938 coepit.
694 1839 810 1915 Caesar
821 1844 956 1936 movit,
979 1845 1016 1918 &
1036 1844 1180 1941 propius

141 1941 248 2014 castra
263 1941 375 2015 castris
392 1937 552 2014 contulit.
575 1938 711 2010 Eodem
728 1959 886 2038 tempore
901 1965 1001 2016 mane
1015 1941 1180 2014 loricatus
1204 1947 1230 2016 ι’

98 2066 115 2093 ·
142 2064 233 2113 unus
252 2064 295 2131 esc
313 2039 450 2136 legione
467 2036 647 2110 vernacula
662 2035 787 2111 adnos
804 2038 1008 2138 transfugit,
1033 2039 1071 2112 &
1090 2061 1181 2110 nun·

140 2138 270 2222 ciavit,
298 2137 505 2233 Pompeium
528 2133 717 2231 oppidanos
736 2134 937 2210 Ucubenses
958 2134 1181 2226 convocasse,

141 2235 249 2335 iisque
265 2232 499 2333 imperavisse,
523 2253 582 2316 ut,
605 2231 783 2328 diligentia
807 2233 979 2319 adhibita,
1027 2232 1182 2332 erquire·
1256 2234 1261 2271 ³

141 2356 240 2425 rent,
264 2335 325 2431 qui
341 2331 449 2405 essent
465 2330 599 2403 suarum
617 2328 790 2425 partium,
811 2330 963 2431 itemque
972 2259 1181 2407 :riversano-

143 2454 221 2503 rum
240 2432 396 2504 visiosiae
413 2429 573 2502 fautores.
607 2443 620 2485 ³
642 2425 726 2499 Hoc
742 2433 917 2523 praeterito
940 2452 1123 2522 tempore,
1146 2429 1180 2501 in
1206 2453 1228 2537 3

141 2526 292 2625 oppido,
309 2528 405 2626 quod
420 2525 656 2623 suitcaptum‚
674 2520 791 2598 servus
805 2525 854 2598 est
872 2528 1056 2625 prehensus
1072 2527 1107 2601 in
1119 2551 1181 2600 cu·

142 2624 281 2706 niculo,
298 2650 404 2723 quem
421 2625 519 2721 supra
534 2619 863 2714 demonstravimus,
879 2625 1060 2701 dominum
1072 2627 1182 2724 jugu-

141 2722 241 2813 lasse:
268 2722 295 2794 is
310 2724 410 2796 vivus
425 2723 475 2796 est
491 2718 703 2796 combustus.
736 2720 903 2819 Idemque
918 2724 1082 2821 temporis
1099 2745 1180 2796 cen·
1202 2744 1237 2820 4.

141 2822 296 2895 turinnes
315 2820 447 2893 loricati
470 2845 541 2892 rix
555 2821 597 2892 ad
613 2815 785 2897 Caesarem
802 2817 1063 2918 transfugerunt
1079 2819 1183 2894 exle-

140 3032 184 3070 cet·
197 3020 267 3069 enim
281 3014 374 3076 familia
389 3013 421 3063 ds
436 3011 550 3079 pluribus
566 3010 642 3061 servis
678 3026 711 3060 ex
735 3016 788 3062 MS.
816 3015 907 3065 Noraic.
932 3016 959 3068 d·
972 3018 1052 3063 circum
1067 2938 1189 3070 §liiii

142 3086 255 3141 dicatur,
272 3085 359 3131 unicus
375 3096 407 3130 eo
422 3081 528 3130 nomine
536 3095 589 3128 non
600 3078 643 3127 de·
678 3078 841 3142 quodetiam
859 3082 1067 3146 Joaen.Glandorpio
1077 3096 1183 3145 extent

142 3149 261 3215 signatur.
278 3148 342 3200 Vide
359 3148 412 3199 Tit.
431 3145 462 3196 de
473 3144 541 3196 verb.
557 3143 641 3212 fignif-
676 3144 772 3206 jeuusa
785 3147 890 3212 placuit.
924 3151 1019 3199 Davies.

143 3225 168 3277 ς.
184 3233 223 3268 xc.
257 3221 352 3265 Davies.
623 3233 625 3238 ·
712 3227 735 3265 3.
754 3217 799 3260 Hoc
809 3217 917 3277 praterito
937 3220 1038 3279 tempore]
1056 3218 1118 3267 Non
1134 3231 1182 3268 ne·

116 3277 119 3282 ’
179 3297 200 3332 1.
219 3289 246 3334 L.
262 3285 389 3342 Mnasias]
408 3278 498 3330 Codex
508 3280 586 3327 Fulvia
595 3283 644 3328 vr·
679 3272 742 3326 cesse
758 3276 810 3336 est,
830 3292 856 3328 ut
872 3294 929 3329 cum
952 3281 1019 3340 Joan.
1047 3285 1182 3348 Glandorpio

139 3350 202 3411 fini,
228 3355 256 3399 L.
269 3352 393 3398 lanarius.
428 3351 475 3394 Dio
491 3344 537 3397 lib.
554 3361 643 3397 xtut.
679 3357 786 3408 eumque
807 3340 891 3396 secuto
907 3347 973 3407 Joaa.
991 3348 1089 3397 Goduino
1106 3365 1181 3415 repo·

143 3430 202 3481 pag.
226 3431 283 3470 230·
301 3417 327 3465 dt
353 3418 450 3463 Valerius
466 3417 581 3462 traximus
597 3410 643 3464 lib.
678 3425 769 3459 namus
794 3413 831 3458 hoc
853 3425 954 3477 praterea
978 3425 1087 3477 tempore3
1118 3430 1181 3466 nam

146 3497 187 3532 rx.
205 3496 259 3546 cap.
278 3477 544 3530 11.licetFlaccusab
563 3481 645 3530 altero
680 3475 858 3543 (praterquam
884 3477 954 3545 quod
977 3478 1073 3545 phrasis
1099 3482 1181 3530 altera

143 3547 358 3614 cognominetur,
381 3546 412 3596 ab
427 3548 509 3597 altero
535 3551 645 3605 Plancus,
679 3541 763 3593 nostro
779 3540 814 3592 est
830 3542 994 3597 usitatissima.
1029 3546 1093 3598 Vide
1108 3544 1182 3612 supra

143 3628 172 3665 ut
186 3611 258 3679 l‘upta
273 3609 319 3660 lib.
329 3609 360 3662 de
373 3609 435 3665 bell.
451 3613 580 3666 Alexand.
589 3630 644 3682 cap.
680 3627 752 3680 capp.
769 3625 812 3669 ιι,
830 3614 856 3663 δι
872 3610 945 3680 stru.)
963 3612 1028 3662 redit
1048 3614 1134 3663 austor
1148 3609 1181 3662 ad

144 3697 207 3737 111⁴
238 3683 332 3728 ciacon.
679 3682 707 3734 id
723 3674 793 3746 quod
802 3677 911 3736 accidit,
927 3677 1024 3745 oppido
1037 3679 1065 3731 in
1073 3676 1184 3738 deditio:

178 3765 205 3797 2.
224 3748 268 3794 Sed
284 3749 363 3792 circum
378 3763 403 3794 ea
418 3749 487 3810 loca]
507 3744 647 3800 Disetetiva
680 3764 740 3803 nem
754 3758 865 3811 tecepto.
899 3746 971 3797 Idem.

143 3810 548 3879 conjunctiohucnonconrsn‘at·
564 3813 647 3869 scribe
823 3877 891 3933 abb
