2616 4462
345 274 929 365 Noernrthrurn..
1065 283 1141 387 851
1240 341 1243 345 .

110 398 259 472 sonianas.
299 416 339 465 La
362 407 426 467 oilie
446 407 549 491 d'Enfe
564 395 596 467 e‘n
619 388 773 490 Ga'scogne.
803 407 887 470 Hinc
911 392 1055 474 oriundus
1077 420 1145 475 erar

111 493 253 558 Ruffinus
272 488 325 552 ille
342 509 514 571 praepotens
524 489 680 554 infidiator
696 490 817 574 imperii
835 491 988 564 Romani,
1010 495 1040 556 in
1055 515 1145 580 quem

110 596 213 673 entant
229 575 292 638 duo
308 571 478 640 eraserim*
492 578 640 658 poemata
657 575 832 640 Claudiani.
856 579 893 640 In
909 577 1014 662 priore
1030 581 1076 646 ita
1094 583 1144 643 le*
1215 581 1217 586 ⁸

109 681 218 748 grmus.
705 682 710 689 ¹

192 775 311 842 invadit
326 775 529 863 mureti-{susm
552 785 687 866 notrffinm
703 781 806 846 dudum

194 862 279 928 'seiia
294 875 396 947 petens.

110 1002 204 1093 Quod
220 1004 302 1066 enim
317 1004 418 1069 media
428 1006 543 1088 syllaba
559 1006 766 1091 corripiatur,
788 1004 1006 1092 pronunciatio
1024 998 1149 1071 Vasco*

109 1095 180 1154 nica
196 1089 227 1153 id
243 1089 394 1164 ostendit,
417 1112 482 1174 quae
500 1093 618 1164 Elusa,
640 1112 784 1179 tanquam
806 1094 876 1159 Elsa
893 1091 988 1156 essert.
1033 1085 1148 1169 Naml
1177 1100 1180 1106 '

110 1196 181 1239 ante
198 1175 426 1239 Consonantem
443 1220 453 1250 ,
476 1198 537 1240 non
555 1178 653 1240 solum
673 1171 828 1241 Vascones
846 1179 877 1240 in
896 1177 931 1242 U
943 1179 1056 1260 semper
1074 1198 1150 1261 con-

110 1279 256 1334 vertunt,
279 1261 328 1322 sed
349 1265 381 1325 &
400 1261 530 1336 Franci,
552 1268 586 1327 δε
604 1261 704 1344 major
744 1258 792 1324 ars
811 1262 1004 1326 Teutonismi
1020 1259 1151 1324 inferio-

112 1346 165 1408 τίς.
210 1345 273 1431 Qui
293 1343 439 1409 Flussates
460 1346 630 1431 legebant,
658 1283 803 1410 dicebant
819 1345 876 1411 esse
899 1347 1091 1410 Comitatum
1110 1346 1151 1410 de

112 1429 238 1495 Fuxio:
262 1435 295 1495 &
313 1429 372 1492 hoc
391 1431 512 1515 stupore
535 1434 588 1495 suo
605 1434 811 1516 persuaserunt
830 1432 937 1513 illustri
954 1433 1022 1498 uiro
1037 1444 1152 1495 nomen

112 1517 145 1578 de
163 1521 228 1578 frrx
245 1515 276 1577 in
304 1511 470 1579 Flussatem
493 1515 646 1580 recudere.
670 1538 733 1602 quo
750 1516 827 1580 nihil
851 1516 1016 1580 absurdius.
1062 1519 1153 1589 Nam

111 1597 199 1664 aliud
221 1599 262 1663 est
289 1598 468 1664 Franciscus
488 1600 525 1663 de
552 1599 680 1676 Flussa,
707 1601 791 1666 alind
817 1600 996 1665 Franciscus
1021 1602 1154 1667 Flusi'as.
1213 1679 1215 1682 Α

112 1685 199 1748 Nam
216 1683 254 1746 de
277 1681 379 1748 Flusia
396 1684 468 1747 esset
484 1706 588 1750 vetum
613 1702 781 1770 cognomen
801 1681 937 1747 familiae.
982 1683 1041 1750 Sed
1062 1686 1153 1751 Flusa

111 1772 158 1833 sas
175 1767 245 1832 esset
261 1789 373 1832 nomen
389 1771 530 1834 nationis.
553 1771 662 1853 Itaque
678 1769 860 1834 Franciscus
878 1765 997 1832 Flussaa
1010 1769 1079 1832 effer
1096 1792 1152 1834 na·

113 1855 198 1924 tione
218 1849 360 1928 mussas,
383 1872 444 1916 non
466 1855 504 1918 de
526 1851 647 1919 familia
664 1855 702 1919 de
731 1854 842 1919 Flusia.
882 1850 942 1918 Sed
962 1853 986 1915 F
991 1853 1064 1917 lusia
1090 1866 1154 1916 non

113 1940 154 2003 est
176 1943 250 2001 Foix.
281 1938 368 2001 Nam
391 1938 422 2002 id
444 1938 516 2004 esset
533 1939 695 2017 Fortium,
717 1938 768 2006 airt
790 1936 873 2003 aliud
900 1937 1021 2024 quidvis
1046 1939 1154 2022 ponus

112 2045 206 2110 quam
224 2019 335 2087 Flusia.
448 2075 450 2079 ,
545 2045 547 2049 ’
669 2024 671 2029 ’

114 2172 275 2302 GAbasi.
306 2178 345 2236 Le
358 2173 474 2258 paysde
496 2175 665 2240 Ginauidan.
696 2172 872 2239 Mariianus
895 2173 973 2238 dicit
997 2170 1157 2261 quondam

179 2256 265 2324 fuisse
283 2256 449 2341 provinciae
467 2258 683 2336 bituricenfis,
703 2277 781 2325 nunc
800 2281 874 2323 vero
892 2258 1061 2342 provinciae
1077 2259 1156 2321 Are·

113 2343 240 2408 latensrs.
275 2346 369 2408 Certe
394 2348 427 2410 δε
444 2364 523 2408 nunc
551 2365 673 2431 quoque
690 2346 730 2409 est
757 2346 924 2429 provinciae
949 2340 1154 2408 Bituricensre.

115 2425 176 2491 Sed
192 2429 267 2492 inter
284 2427 422 2514 Gabalos
439 2473 450 2503 ,
474 2433 508 2495 δι
523 2430 718 2514 provinciam
733 2420 938 2503 Arelatensem
954 2440 1045 2515 Longa
1057 2420 1159 2514 procus

112 2514 201 2596 longis
219 2536 267 2575 uta
284 2514 387 2575 dividit
401 2518 481 2576 invia
496 2526 586 2581 terrai.
610 2515 651 2580 Et
667 2513 797 2580 ridicula
813 2517 879 2578 sunt
891 2514 964 2578 haec.

156 2601 312 2658 Garumna.
333 2599 460 2662 Retinet
475 2619 585 2683 nomen
607 2603 724 2684 semper
741 2598 822 2674 ,ised
844 2604 997 2684 integrum
1015 2595 1033 2661 a
1051 2595 1157 2680 capite

116 2681 157 2747 ad
184 2681 323 2745 Blaviam
349 2685 512 2759 Castrum,
535 2684 587 2751 ubi
611 2686 716 2769 lingua
732 2685 881 2750 Francica
902 2684 1026 2767 incipit.
1070 2682 1160 2744 Nam

115 2786 188 2830 tnnc
208 2786 266 2847 pro
285 2771 411 2829 Garonne
431 2809 440 2840 ,
463 2769 576 2834 dicitur
597 2769 765 2842 Geronde,
796 2771 829 2836 δε
853 2769 983 2830 Girnnde.
1026 2764 1107 2828 Vide
1124 2763 1159 2826 in

117 2848 283 2914 Tribunali
301 2850 462 2916 Tolosano
478 2855 509 2916 in
524 2855 658 2919 Ciuitate
673 2851 859 2922 Mimatensr.
888 2851 1017 2934 Excipit
1033 2849 1161 2932 navige-

117 2957 170 3001 ros
186 2935 296 3000 fluvios
312 2936 443 3000 Tarnim
461 2983 471 3012 ,
494 2940 516 2999 Ie
531 2937 636 3003 Turn:
661 2937 772 3001 Oliten
783 2985 794 3014 ,
815 2936 871 3001 five
889 2936 1035 3008 Oldum,
1057 2934 1162 3006 Onldt,
1219 2975 1224 2982 ·

114 3041 170 3087 ¹aut
188 3043 259 3089 cum
275 3022 409 3086 articulo
425 3021 560 3085 I’Ooldt:
582 3022 754 3086 Duranium
775 3023 910 3086 Ausonio
928 3064 939 3095 2
958 3017 1161 3085 Dordonianr

116 3105 199 3190 apud
213 3107 398 3192 Gregorium
414 3106 623 3170 Turonensem
640 3150 649 3181 ,
679 3110 706 3169 la
722 3110 892 3192 Dordogne,
914 3114 1006 3170 unum
1025 3125 1061 3166 ex
1077 3123 1162 3185 praee

118 3192 220 3336 cipuig
238 3214 298 3257 non
328 3192 428 3257 solum
457 3191 630 3277 Aquitaniae
652 3190 703 3255 sed
731 3193 825 3257 etiam
847 3192 943 3256 totius
972 3187 1083 3254 Gallia
1103 3186 1164 3251 flu·

120 3294 199 3338 mrnt
223 3298 264 3343 us.
414 3338 418 3347 ,
935 3329 938 3334 .
998 3335 1001 3342 ,

121 3444 125 3451 .
163 3359 303 3427 Cebenna.
329 3356 530 3430 Scribendum
557 3357 700 3428 Cebenna
717 3380 771 3449 per
803 3362 839 3426 C.
861 3370 911 3424 Les
931 3356 1097 3425 ceienw
1111 3358 1163 3420 Ce-

123 3469 213 3511 venes.
997 3487 999 3491 ·

163 3531 304 3596 Genusium
327 3533 378 3618 qui
402 3552 514 3620 negant
538 3530 800 3601 Aurelianensrum
819 3528 926 3596 urbem
944 3515 1027 3600 esic,
1049 3525 1165 3619 habene
1191 3606 1193 3612 Α
1273 3528 1276 3533 ’

120 3617 266 3702 opposita
281 3638 388 3682 omnes
402 3621 466 3684 ueri
480 3620 604 3708 vestigia
619 3620 700 3709 apud
717 3619 868 3685 Caesarem
882 3621 915 3684 δι
928 3614 1029 3679 muita
1042 3611 1167 3673 asinar-

123 3722 281 3784 gumenta.
324 3704 411 3784 Nam
433 3725 495 3793 quo
510 3707 637 3778 nomine
661 3702 798 3775 vocandi
819 3703 911 3781 sune,
939 3697 994 3787 qui
1016 3699 1085 3760 Gim
1107 3689 1166 3755 effe
1225 3753 1228 3757 .

124 3804 238 3878 putant
253 3799 270 3877 ζ

106 3911 111 3921 .
165 3877 168 3882 “
730 3865 825 3942 ΗΜ]
846 3890 866 3934 2
1079 3863 1166 3926 Gem-

265 4001 271 4039 ι
