2616 4462
338 269 891 361 renarrourrueano,
1005 237 1009 242 ⁵
1066 280 1146 380 73}

108 387 228 463 'chium
240 387 360 500 ‘gladio
379 389 574 485 percuss'us,
597 388 659 462 nisi
676 388 831 464 celeriter
845 389 887 464 ad
903 384 1073 464 Caesarem
1087 395 1148 468 ad·
1179 458 1185 475 ,,

111 491 331 571 cucurrisset,
358 485 558 559 interfeslus
572 485 664 559 effer.
685 486 771 582 Quo
791 487 884 560 facio
901 487 1097 584 complures
1110 515 1145 565 e·
1168 494 1197 586 d,

111 587 228 681 quites·
248 585 358 656 Rom.
384 581 617 682 senatoresque
638 584 809 680 perterriti
829 608 874 656 eu
896 583 1025 682 proelio
1044 584 1077 659 se
1096 611 1148 660 re-

111 701 275 779 ceperunt
295 707 304 767 ·‚
330 705 374 752 ne
397 678 600 756 imilitibus
618 700 636 770 ,·
654 680 715 778 qui
732 705 774 754 ex
790 700 881 753 tanta
905 681 1050 754 vidioria
1075 698 1087 731 ¹
1106 684 1150 756 li·

110 777 258 850 centiam
286 776 347 849 fibi
367 776 613 874 aslitmpsrssent
633 776 856 852 immoderate
873 779 1060 872 peccandi,
1083 777 1149 852 im·
1172 799 1201 883 9·

110 876 266 972 punitate
285 894 427 970 propter
449 875 617 948 maximas¹
636 898 688 946 res
703 874 833 973 gestas,
857 873 920 972 ipsa
937 899 1079 974 quoque
1096 876 1151 950 in-
1194 870 1199 880 ’

110 971 363 1044 tersrcerentur.
375 971 495 1068 ltaque
504 970 526 1042 ii
534 969 716 1044 omnes-scr
745 971 831 1044 ionis
848 971 991 1062 milites,
1003 991 1021 1033 2-
1038 997 1150 1070 quum

112 1067 218 1140 sidem
235 1066 377 1141 Caesaris
393 1067 616 1164 implorarent
636 1123 648 1159 ,
671 999 878 1178 inipemnre
895 1069 967 1166 ipso
989 1067 1150 1164 Caesare,

112 1167 150 1236 &
173 1163 193 1239 a
209 1165 376 1239 militibus
397 1164 600 1263 deprecante
619 1164 668 1237 eis
683 1185 735 1239 uti
750 1188 956 1266 parcerent,
980 1167 1021 1239 ad
1038 1189 1150 1245 unum
1229 1201 1232 1205 ⁴

113 1259 387 1336 suntintersesli.
508 1328 510 1335 ,
1002 1263 1008 1271 “

162 1358 419 1436 LXXXVI.
443 1357 665 1434 Caesartrinis
682 1359 795 1433 castris
806 1361 958 1461 potitus,
984 1360 1148 1435 ³occisis·
1178 1372 1199 1452 a}

113 1480 182 1552 que
197 1455 347 1543 hostium
365 1483 388 1531 x
404 1458 557 1532 millibus
576 1514 587 1546 ,
610 1457 807 1557 fugatisque
824 1458 1089 1558 compluribus,
1114 1458 1149 1533 se
1169 1524 1173 1533 .

115 1553 261 1649 recepit,
282 1568 309 1626 'n
325 1552 653 1659 militibuspmislrs,
701 1554 792 1648 aucis
810 1555 944 1642 sauciis,
967 1557 1003 1628 in
1017 1555 1146 1629 castra:

109 1673 152 1721 ac
171 1649 282 1724 statim
296 1677 340 1726 ex
359 1651 478 1726 itinere
494 1673 572 1725 ante
587 1580 754 1748 oppirium
772 1652 951 1749 Thapsum
972 1654 1149 1744 constitit,
1171 1668 1209 1749 ιζ,

113 1746 319 1843 elephantos
337 1756 380 1821 ue
397 1772 500 1820 Lxrv
514 1770 654 1821 ornatos
669 1747 881 1846 armatosque
897 1772 977 1822 cum
996 1750 1149 1847 turribus

116 1775 396 1941 ornamentilipue·
407 1843 522 1941 capit,
547 1865 664 1941 captor
687 1863 765 1916 ante
785 1844 952 1942 oppidum
966 1846 1151 1920 instrudlos

115 1939 312 2014 constitnit:
339 1943 373 2013 id
385 1943 451 2014 hoe
461 1940 624 2043 consalio,
641 1939 782 2039 fiposs‘et
795 1942 995 2111 Vcrpilius,
1017 1942 1149 2040 quique
1253 1952 1255 1959 '

115 2059 197 2108 cum
213 2061 255 2111 eo
273 2036 517 2110 obfidebantur
534 2095 552 2125 ,x
571 2039 618 2111 rei
634 2037 722 2110 male
763 2038 842 2112 estae
877 2064 1002 2114 uorum
1020 2039 1150 2112 indicio
1210 2052 1221 2065 '

115 2132 135 2206 d
152 2134 336 2230 pertinacia
352 2135 487 2207 deduci·
514 2135 652 2208 Deinde
664 2062 1149 2235 ipseifergiliumappellavit,
1174 2152 1199 2240 3

115 2232 345 2329 invitavitque
354 2233 396 2304 ad
415 2232 646 2323 deditionem,
670 2233 831 2331 suamque
844 2234 1015 2307 lenitatem
1032 2234 1149 2308 &cle-

116 2349 277 2406 mentiam
293 2329 593 2406 commemoravit:
618 2330 922 2431 quempostquam
936 2330 1150 2407 animadver-

1105 2452 1150 2508 ttt

156 2574 179 2609 r.
196 2544 357 2621 licentiamfili
373 2563 523 2628 affumpſsffent
540 2567 617 2611 immo·
645 2563 695 2624 giiii
709 2560 754 2612 lib.
772 2579 798 2613 x.
816 2570 869 2615 AEn.
887 2561 922 2614 vs.
940 2579 980 2620 19.
998 2562 1027 2624 est
1041 2555 1151 2610 auxilium

108 2624 193 2673 derare
202 2631 317 2690 peccandi,
332 2633 457 2693 impunitate
469 2643 557 2694 propter
569 2646 618 2676 ma·
649 2645 698 2674 cram
713 2631 848 2690 miseratione
856 2633 969 2693 deposcere.
1002 2632 1151 2693 Qaratione

119 2695 190 2739 ximas
206 2712 238 2741 res
242 2694 325 2757 gestu]
342 2700 423 2744 Locus
432 2694 465 2744 est
474 2709 618 2760 corruptum
649 2695 698 2741 bene
712 2697 801 2744 dicimur
814 2699 925 2761 imploro
939 2709 965 2745 te
975 2708 1001 2744 ut
1010 2691 1102 2743 misero
1111 2693 1152 2742 fe-

119 2771 196 2823 quem
214 2761 280 2819 Joan.
304 2762 446 2824 Glandorpius
467 2765 505 2812 ita
521 2759 618 2828 supplet
648 2774 690 2808 ras
707 2763 838 2811 auxilium.
855 2761 944 2811 Noster
952 2760 1023 2825 supra
1037 2757 1082 2809 lib.
1091 2773 1151 2807 vm.

118 2825 226 2871 licentiam
248 2827 290 2884 fibi
313 2825 465 2888 uffumpfiffinr
479 2832 619 2877 immoderate
651 2824 682 2873 de
700 2831 728 2876 B.
748 2830 781 2878 G.
798 2843 853 2894 cap.
873 2843 976 2877 xtvm.
993 2832 1085 2893 Repente
1096 2824 1153 2882 sm-

113 2893 232 2954 peccaadi,
248 2891 617 2954 &spemimpuniraeia&c.Joan.
651 2908 700 2939 rum
715 2897 911 2941 omnium-invocat
923 2893 998 2954 fidem.
1021 2891 1088 2950 Cesar
1103 2887 1154 2940 lib.

116 2970 178 3004 vero
200 2960 314 3004 Goduinns
330 2956 414 3007 Codd.
436 2961 528 3009 Gallie.
552 2957 619 3007 secu·
651 2972 675 3005 v.
692 2972 748 3023 cap.
767 2975 824 3008 vra.
843 2962 977 3025 duorumque
991 2957 1061 3016 fidem
1074 2957 1152 3019 impla-

117 3032 156 3070 tus
174 3056 182 3079 ,
198 3023 297 3089 reponit
315 3026 459 3073 immoderata
470 3028 567 3090 peccandi
576 3029 618 3072 im·
651 3040 701 3070 rare
718 3027 787 3088 caepit.
820 3031 905 3076 Erant.

115 3093 245 3148 punitatis,
271 3105 302 3138 ex
318 3104 368 3154 qua
382 3090 561 3139 emendatione
577 3092 620 3155 qui
693 3107 715 3145 ³·
743 3091 858 3156 Occifisque
879 3091 969 3150 hostiurn
993 3105 1018 3140 x.
1041 3088 1151 3147 missbar]
1215 3120 1218 3127 ι

119 3148 216 3203 sensum
244 3155 409 3206 commodum
440 3153 620 3221 exsculpserit,
653 3157 780 3204 Plutarchus
795 3159 822 3206 in
837 3157 885 3206 hac
907 3169 991 3222 pugna
1005 3160 1098 3222 quinque
1112 3158 1153 3201 ho-

120 3231 157 3263 ηπ
173 3219 193 3266 'm
208 3223 270 3270 mihi
286 3222 389 3288 quidem
406 3237 513 3288 magnus
529 3225 620 3271 eritA-
648 3219 858 3286 stium'mrriadffi
874 3224 901 3275 id
916 3223 950 3273 est
965 3257 972 3280 ,
988 3225 1049 3271 LM.
1072 3221 1152 3268 inter·

93 3314 103 3325 f.
119 3284 201 3346 pollo.
229 3287 307 3338 Editt.
325 3293 399 3352 Steph.
417 3290 444 3338 dc
467 3291 622 3349 Lausannensts
652 3299 720 3334 emta
739 3284 830 3338 scribit.
856 3288 1056 3340 Caterumhanc
1071 3286 1151 3334 risto-

119 3354 152 3397 Α.
170 3354 202 3399 D.
214 3365 285 3410 1575.
302 3353 479 3421 representem
494 3357 621 3403 immadem·
651 3352 753 3402 riamvt
769 3354 826 3404 ldus
836 3359 931 3424 Aprilis
946 3351 1090 3404 consecutus
1100 3349 1150 3409 eil,

119 3427 142 3462 te
155 3420 252 3476 peccandi
264 3424 412 3482 impunitatis,
429 3420 514 3479 unde,
531 3423 621 3471 vocula
653 3418 684 3468 de
700 3433 750 3483 qua
766 3425 858 3471 Ovidius
872 3422 937 3473 Fast.
951 3438 988 3471 tv.

120 3477 234 3545 suppleta
245 3518 253 3540 ,
263 3483 418 3536 scribendum
427 3489 566 3537 immoderate
573 3502 620 3550 pec·
685 3490 735 3534 Hac
752 3491 784 3534 ait
805 3492 845 3538 illa
862 3494 906 3541 dies
921 3491 1004 3549 Libycis
1021 3504 1066 3552 qua
1082 3485 1150 3546 Caſsa

119 3548 199 3603 candi,
212 3555 348 3612 impunitatis
359 3555 396 3612 spe
410 3567 495 3616 propter
514 3559 622 3602 maximae
750 3572 773 3600 m
789 3559 830 3603 oris

119 3613 251 3675 resgestas,
267 3617 482 3679 quemadmodum
497 3625 550 3671 MS.
561 3629 619 3670 Nor·
716 3619 804 3680 Perfida
828 3626 960 3692 magnanimi
975 3620 1070 3671 contudit
1085 3623 1149 3679 armar

120 3683 164 3728 vic.
185 3677 298 3729 disertim
315 3680 424 3734 exhibet.
457 3691 553 3738 Davier.
778 3687 847 3745 Juba.

155 3761 178 3794 2.
193 3746 272 3808 Qum
283 3746 352 3807 fidam
363 3751 448 3810 casteria
466 3754 617 3818 implorarent]
651 3751 791 3820 Glandmp.

118 3813 255 3879 Impletura,
272 3824 297 3868 ut
313 3815 406 3867 seratas
418 3820 560 3883 exponitur
571 3824 619 3872 Vtr-
