2616 4462
95 331 168 356 ,.
264 260 932 355 ¹niiBrinnoiluisxiirtniiiiro'.
1059 275 1144 379 649'

118 397 253 498 gionein
268 423 355 491 xxii,
371 426 474 499 quam
490 402 539 496 Q.
555 397 688 472 Cassius
704 398 836 497 legatus
856 397 956 472 simul
975 399 1145 498 ducebat,
1221 478 1225 489 ,

120 514 227 592 quum¹
252 515 262 551 1
282 499 428 596 Ilurgim
446 500 486 571 ad
501 498 669 597 oppidum
679 496 782 573 castra
797 496 955 586 haberet,
979 497 1141 574 seditione

100 592 228 679 isidis,
256 598 515 669 centurionibus
541 596 674 691 aliquot
698 591 841 678 occisis,
866 594 927 692 qui
953 595 1143 694 signatolli

116 715 186 763 non
207 693 448 788 patiebantur,
472 691 668 779 disceffiss‘e,
691 691 785 764 &ad
807 715 846 761 11
868 692 1041 790 legionem
1056 718 1141 768 con·

68 788 279 872 attendisse,
307 814 386 886 quae
405 791 446 863 ad
470 791 598 865 fretum
616 789 682 861 alio
697 787 817 860 itincre
840 777 1039 864 ducebatur.
1064 789 1139 864 Co·
1164 807 1189 860 2
1232 824 1242 839 κ

112 886 208 984 gnita
218 911 273 975 re,
289 886 397 986 nosiu
411 913 491 961 cum
509 887 742 962 vcohortibus
757 885 1141 962 undevicesimanorum

110 983 292 1082 egreditur
310 992 443 1058 imane
459 984 628 1084 pervenit.
660 984 714 1055 lbi
730 1007 809 1055 eum
826 983 945 1074 diem,
969 1006 1032 1074 ut,
1055 987 1141 1082 quid

112 1100 299 1176 ageretur,
323 1083 552 1181 perspiceret,
577 1101 746 1164 moratus,
773 1081 981 1154 Carmonam
999 1102 1143 1156 conten·

115 1178 179 1250 dit.
206 1178 299 1264 Hic,
323 1205 433 1278 quum
450 1177 548 1279 legio·
559 1203 645 1267 xxx,
661 1180 698 1251 dt
715 1201 802 1273 arxi,
828 1179 897 1250 2&
917 1181 1076 1253 cohortes
1091 1207 1141 1272 iv,
1168 1200 1190 1282 3

115 1275 192 1347 &v
211 1272 304 1376 legio
320 1335 330 1362 ,
354 1277 516 1376 totusque
531 1275 740 1350 convenisset
757 1275 929 1367 equitatus
950 1330 961 1365 ,
982 1280 1078 1352 audit
1099 1303 1143 1352 iv

54 1445 56 1448 Α
115 1374 273 1448 cohortes
287 1375 307 1447 ri
325 1374 513 1449 vernaculis
530 1372 698 1470 oppressas
711 1373 751 1446 ad
764 1371 984 1464 Obuculam,
1000 1400 1079 1449 cuin
1093 1377 1145 1448 his

114 1470 156 1541 ad
181 1468 359 1545 secundam
378 1470 568 1572 perveniss'e
593 1471 764 1568 legionem
788 1526 799 1560 ,
830 1470 1016 1568 omnesque
1040 1473 1087 1545 ibi
1111 1474 1144 1546 sc

114 1568 329 1664 conjunxisse
346 1627 357 1660 ,
381 1573 417 1645 &
434 1574 484 1644 T.
496 1569 671 1642 Thorium
689 1567 924 1658 Italicensem,
946 1571 1068 1643 ducem
1084 1571 1145 1646 de·

113 1662 242 1762 legiss'e.
266 1667 437 1742 Celeriter
465 1687 476 1730 ³
497 1666 614 1739 habito
629 1665 801 1752 concilio,
824 1665 1033 1738 Marcellum
1052 1669 1144 1742 Cor·
1166 1687 1191 1765 4
1264 1753 1268 1764 Ι

33 1764 38 1787 ³
114 1761 262 1854 dubam,
286 1778 415 1839 ut‘eam
433 1765 467 1836 in
484 1763 647 1859 potestate
665 1763 845 1851 retineret,
868 1762 1077 1861 QCaffiuin
1095 1766 1144 1838 le·

115 1881 233 1957 garum
252 1862 423 1958 Hispalim
441 1858 570 1934 mittin
586 1860 705 1933 Paucis
723 1861 753 1932 ei
769 1858 889 1932 dicbus
902 1858 1042 1933 affertur
1061 1887 1143 1935 cori·
1168 1882 1193 1958 5

67 2045 72 2051 .
114 1979 259 2032 ventum
274 1958 534 2031 Cordubensem
552 1957 596 2030 ab
610 1983 652 2030 eo
664 1957 819 2030 defecisse
833 1984 842 2044 3
866 1957 1144 2056 Marcellumque

112 2074 172 2126 aut
194 2054 403 2141 voluntate,
431 2077 495 2130 aut·
508 2053 698 2131 necessitate
715 2053 902 2138 addusium
930 2061 1092 2152 (namque
1108 2057 1143 2132 id

113 2151 205 2223 varie
224 2152 463 2246 nunciabatur)
488 2154 680 2227 consentire
695 2177 775 2225 cum
794 2149 1097 2224 Cordubensibus:
1115 2181 1144 2226 11

112 2251 271 2324 cohortes
298 2251 445 2350 legionis
463 2276 499 2337 v,
518 2277 597 2345 quae
622 2248 757 2321 fuerant
773 2247 953 2321 Cordubae
978 2249 1012 2321 in
1030 2251 1144 2349 praesi-

112 2346 192 2436 dio,
216 2347 305 2424 idem
317 2348 437 2422 facere.
464 2347 594 2420 Cassius
611 2346 661 2418 his
676 2345 777 2418 iebus
792 2345 946 2419 incensus
961 2371 1079 2424 movet
1090 2375 1141 2422 ca·
1168 2343 1193 2419 6

108 2442 195 2536 stra,
208 2447 245 2518 bt
262 2447 399 2543 postero
414 2447 468 2520 die
476 2445 659 2544 Segouiam
682 2463 700 2509 4
715 2445 756 2516 ad
774 2443 905 2518 flumen
914 2444 1073 2523 Silicense
1084 2473 1145 2558 ve-

472 2617 474 2621 ,
1078 2568 1144 2619 nst.

155 2653 177 2688 1.
202 2642 293 2704 Ilurgim
316 2645 345 2690 ad
368 2646 486 2708 oppidum]
513 2648 608 2694 Omnes
639 2655 684 2695 tur.
702 2646 768 2692 Tam
777 2657 836 2694 vero
846 2642 923 2699 huic,
941 2656 1019 2709 quam
1031 2643 1071 2692 illi
1081 2660 1142 2694 coir·

112 2704 196 2754 Codd.
213 2708 466 2773 adoppieiumchtim,
473 2723 559 2775 prietes
567 2716 606 2756 Be·
638 2708 736 2768 jeuurae
752 2708 818 2759 deest
835 2714 963 2760 MStorur'ii
986 2710 1139 2768 aristoiitas,
1181 2752 1183 2755 .

110 2774 181 2821 raalai.
200 2773 243 2835 qui
259 2774 475 2840 Leprumeirhibet3
492 2776 607 2826 sedtum
640 2772 759 2839 equibus
781 2781 872 2826 Nor-vic.
898 2776 992 2839 aliique
1007 2771 1139 2839 represen-
1219 2782 1228 2821 t

110 2852 141 2886 ea
157 2836 189 2886 fit
205 2836 296 2891 Africae
313 2839 388 2896 urbs,
404 2843 489 2890 locum
504 2843 545 2892 hic
562 2841 608 2890 lia·
638 2853 695 2889 tant
711 2843 736 2893 ir
753 2845 843 2889 cohortes
864 2857 892 2890 iv
910 2860 936 2888 ex
952 2845 1028 2905 quinta
1043 2844 1138 2901 legioni,
1148 2888 1155 2895 ,,

63 2958 67 2965 ,
108 2902 172 2956 bere
181 2902 339 2970 nonpotest,
358 2918 399 2954 aut
414 2907 490 2971 igitur
499 2907 608 2972 proban·
639 2920 668 2955 ac
686 2908 722 2958 ita
755 2907 813 2955 lane
827 2907 1008 2975 reponendum.
1026 2907 1090 2954 Huic
1101 2908 1137 2957 le-

107 2970 141 3019 da
158 2964 192 3020 ist
208 2971 258 3032 Jos,
273 2974 376 3035 Scaligeri
391 2973 550 3033 conjestma,
567 2986 608 3022 aut
638 2973 717 3022 &inni
734 2920 862 3023 sirccinunt
878 2973 938 3023 edit.
956 2979 1023 3039 Rom.
1035 2977 1134 3025 Beroald.
1184 3023 1185 3026 ,

61 3058 63 3061 ·
105 3034 265 3087 scribendum
282 3039 311 3084 ad
323 3040 420 3101 oppidum
436 3041 515 3100 Ilipam
530 3073 537 3096 ,
555 3052 608 3102 quae
637 3037 683 3088 sifi
701 3037 770 3103 quod
783 3040 814 3088 iis
832 3039 953 3092 sitiarres
967 3042 1134 3103 cohorresexse-
1229 3063 1236 3100 '.

108 3103 174 3160 Joaa.
193 3107 321 3169 Glandorpii
337 3103 371 3159 est
385 3103 540 3156 emendatio.
556 3111 607 3152 Da·
636 3106 705 3150 cunda
720 3107 813 3167 legione,
830 3107 857 3154 in
866 3112 918 3155 Ven.
935 3118 1020 3154 autern
1027 3105 1135 3167 &secian-

109 3172 162 3219 vi'es.
635 3170 664 3215 da
672 3171 757 3234 legione.
782 3170 871 3222 idem.

142 3238 166 3289 2¹,
184 3241 213 3284 Et
228 3240 321 3285 cohortes
338 3238 516 3301 devlegio]
541 3240 606 3286 Sana
670 3252 692 3292 3.
712 3238 790 3284 Habito
806 3241 913 3300 concilio]
929 3243 968 3287 Ex
986 3243 1060 3291 Msto
1074 3249 1134 3292 Nor·
1173 3294 1175 3300 Α

107 3304 160 3350 iton
185 3301 218 3350 est
235 3303 285 3352 haec
301 3303 379 3355 lessio
397 3339 405 3362 ,
426 3318 509 3368 ireque
536 3305 605 3352 enim
634 3303 677 3348 vic.
698 3305 724 3353 δι
742 3305 852 3370 antiquis
869 3305 942 3354 editt.
959 3309 1133 3371 reponendum

106 3366 186 3415 moris
200 3367 284 3418 esiscii
304 3384 404 3429 torum,
420 3382 446 3419 ut
461 3368 605 3420 cohortium
635 3365 743 3419 arbitror
758 3373 828 3418 habito
841 3373 940 3429 confili03
957 3388 1010 3423 non
1024 3377 1094 3425 enim
1103 3392 1133 3424 o-

105 3432 263 3485 mentionem
281 3386 393 3496 ticiani,
405 3437 510 3486 nomine
520 3437 602 3502 legio·
634 3448 706 3484 mnes
720 3436 834 3496 milites,
850 3436 1013 3497 federibunos
1023 3454 1132 3499 tantum,

105 3498 146 3551 nis
163 3511 215 3544 non
230 3499 316 3552 addito
333 3539 340 3561 ,
356 3519 414 3552 cuin
430 3518 544 3554 accurate
560 3519 602 3552 co·
633 3499 747 3568 aliosque
755 3502 782 3552 id
798 3519 876 3572 genus
885 3504 983 3556 ridetur
994 3506 1132 3557 convocas-

100 3564 161 3632 ,pias
169 3576 308 3615 numerent.
324 3566 449 3619 Rescrlbit
457 3570 543 3635 itaque
552 3576 599 3619 Per.
630 3564 664 3620 se.
699 3572 768 3620 Idem.

105 3631 241 3683 ciacconius,
258 3647 305 3677 cum
318 3636 368 3696 legio
377 3651 440 3693 xxii,
457 3638 483 3688 (ν
498 3638 599 3696 vicesima
663 3657 688 3700 4.
700 3637 1025 3704 ,AdflumendilicenseJApud
1035 3642 1133 3688 Plinium

101 3698 178 3758 prima
194 3696 286 3741 cohortes
303 3711 347 3749 iv.
372 3702 411 3750 cui
426 3701 600 3756 emendationi
629 3703 1132 3770 refertursmgunsfluviusinsatimsee-

102 3759 235 3817 ,fulcienda
250 3763 337 3824 paullo
350 3777 409 3815 aute
424 3769 489 3833 legit
504 3785 552 3816 cum
565 3764 599 3829 ινί
631 3786 756 3831 xoneiairs
767 3764 957 3837 ,quamvodem
966 3769 1014 3820 hoc
1023 3771 1131 3821 locode-

101 3829 219 3882 ieiunitas
236 3830 313 3888 aar&
328 3831 506 3907 vicrdmmirnai
520 3837 602 3905 gredir
630 3849 763 3909 previsam
776 3835 993 3953 effessuspicamui.
1012 3841 1134 3899 Glanrarp,
