2616 4462
224 271 306 372 5'16
447 260 496 340 C.
518 266 551 365 J.
576 233 803 342 casinus
825 230 1084 341 connire}

218 388 304 469 :difii
327 387 363 461 iu
380 410 484 464 naves
502 387 619 487 politis
639 445 651 480 ,
676 410 717 463 ut
741 409 811 463 erat
833 409 1046 486 ptaeceptum
1062 387 1083 463 al
1100 385 1238 466 Caesare
1253 443 1271 486 ‚

227 501 245 538 Ἰ
262 508 432 587 quantum
459 486 599 560 navium
621 485 817 559 facultatem
836 484 1000 571 habebat,
1022 508 1123 561 naves
1136 486 1267 584 solvit,

188 633 194 649 .
223 585 453 682 paullumque
470 584 490 656 al
506 604 609 682 portu
627 583 823 682 ptogtell'us
842 640 853 675 ,
877 583 1005 657 litteras
1020 582 1040 656 ὲ
1053 581 1189 658 Caesare
1206 610 1268 661 ac·

173 684 177 690 ’
226 681 310 779 cipit
327 707 338 770 3
363 681 490 780 quibus
504 681 553 755 est
577 681 702 754 certior
717 681 854 770 foelus,
876 703 999 777 portus
1022 682 1205 779 littoraque
1222 709 1267 756 o-

177 799 204 852 2
228 779 319 852 mnia
329 777 762 856 claffibusadversatiorum
771 779 888 852 teneti.
910 778 997 872 Quo
1006 802 1049 852 co
1075 779 1164 865 nito,
1180 781 1266 856 sein

225 898 369 973 portum
385 877 525 974 recipit,
551 878 719 974 navesque
733 899 853 949 omnes
868 896 1018 949 revocat.
1085 900 1127 948 na
1142 902 1187 951 ex
1203 879 1268 972 iis,

152 994 155 1001 ·
197 1029 199 1036 ,
220 998 309 1071 ‘quae
329 973 583 1071 perseveravit,
609 997 720 1140 nerpue
742 974 887 1071 imperio
906 971 1035 1045 Kaleui
1049 972 1269 1071 obtempera·

225 1072 301 1161 vit,
324 1072 420 1165 quod
440 1091 511 1144 erat
526 1069 596 1143 line
617 1073 664 1144 mi
682 1069 805 1159 imbuo,
828 1069 1034 1168 privatoque
1047 1068 1191 1146 confilio
1205 1074 1267 1147 ad·

227 1166 503 1261 ministtabatur,
528 1167 637 1241 delata
653 1168 823 1256 Oricum,
846 1187 951 1265 atque
968 1165 988 1239 al
1006 1166 1137 1242 Bibulo
1152 1193 1267 1270 expu-

176 1278 201 1361 3
253 1286 327 1339 nata
341 1263 417 1339 est:
444 1267 505 1365 qui
524 1264 686 1340 deservis
707 1263 890 1364 liberisque
904 1264 1068 1339 omnibus
1082 1266 1125 1339 ad
1147 1264 1266 1365 impu·

225 1287 321 1437 fieres
346 1361 553 1463 supplicium
576 1361 708 1453 sumit,
732 1364 769 1437 &
792 1362 834 1434 ad
851 1386 962 1437 unum
981 1360 1158 1437 interficia
1181 1363 1265 1453 Ita,

209 1461 360 1628 ,calippo
379 1457 567 1558 tempore,
599 1483 727 1560 magno
748 1458 824 1534 casu
850 1461 957 1535 totius
982 1459 1153 1535 exercitus
1175 1460 1265 1539 salut
1295 1544 1298 1549 ,

224 1582 289 1631 con
323 1578 387 1631 rtrt.

171 1663 197 1746 2¹
273 1654 361 1730 XV.
379 1654 545 1750 Bibulus,
570 1650 1079 1756 utsuprademottstratumest,
1097 1674 1264 1733 eratcum

224 1750 323 1824 elalle
338 1752 379 1825 ad
395 1752 567 1827 Oricum:
592 1754 652 1842 &,
676 1753 875 1838 ficutmari,
900 1751 1265 1851 portubusqueCaesa-

224 1874 304 1948 retu
317 1849 521 1947 prohibebat
536 1880 547 1935 ;
573 1851 618 1924 ita
636 1850 704 1960 ipse
725 1850 822 1924 omni
842 1872 930 1924 tetra
941 1874 1056 1926 earum
1073 1851 1263 1950 regionum

174 1971 200 2022 2
251 1947 494 2025 rohibebatur.¹
512 1947 674 2047 praestdirs
689 1948 780 2021 euim
800 1947 989 2046 dispositis,
1012 1947 1129 2021 omnia
1145 1947 1264 2025 littora

223 2045 393 2119 aCaesare
409 2043 638 2130 tenebantur3
665 2069 776 2143 neque
796 2044 979 2143 lignandi,
1005 2069 1119 2143 neque
1133 2068 1281 2145 aquarn·-
1304 2082 1306 2087 ·

222 2142 281 2230 di,
307 2167 418 2240 neque
435 2167 536 2217 naves
552 2143 592 2215 ad
614 2162 738 2216 tertam
760 2143 820 2216 reli
848 2144 925 2215 andi
947 2200 958 2230 ,
981 2142 1128 2242 potestas
1145 2142 1263 2221 fiebat.
1304 2226 1306 2231 ,

175 2255 198 2335 3
223 2237 308 2312 Erat
322 2264 372 2313 res
382 2240 417 2311 in
435 2264 557 2340 magna
567 2239 786 2315 difficultate:
827 2238 1197 2341 ummilqueangustiis
1210 2262 1282 2317 re-·
1302 2276 1306 2333 i

164 2364 175 2379 1
222 2360 302 2409 rum
321 2337 575 2411 nocellariatum
588 2336 853 2435 premebantur3
876 2338 962 2411 adeo
972 2360 1012 2413 ut
1031 2359 1263 2439 cogerentur,
1301 2352 1306 2371 ⁴

223 2432 322 2506 ficati
346 2432 516 2530 reliquum
532 2456 763 2509 commeatum
781 2492 791 2520 ,
815 2435 860 2506 ita
876 2434 992 2533 ligna,
1014 2455 1120 2533 atque
1134 2460 1261 2535 aquam

171 2542 200 2624 4
223 2530 381 2629 Corcyra
402 2530 546 2605 navibus
567 2535 728 2605 onerariis
755 2533 956 2628 supportate
977 2559 988 2605 z
1011 2555 1117 2631 atque
1132 2558 1208 2611 uno
1227 2560 1263 2611 e·
1288 2568 1297 2621 j

220 2628 302 2703 tiam
326 2650 482 2726 tempore
497 2629 637 2717 accidit,
663 2652 703 2704 ut
720 2628 969 2705 difficilioribus
987 2628 1038 2705 ufi
1052 2632 1264 2802 tempelgati·
1297 2631 1300 2638 ’

1198 2752 1265 2820 us,

217 2896 298 2942 lirant.
310 2894 336 2942 &
352 2898 443 2946 Norvic.
454 2909 483 2945 ac
493 2892 652 2964 editt'Rom.
668 2902 719 2950 Vm.
757 2909 817 2944 nem
834 2892 859 2944 se
876 2890 1023 2958 intelligere
1040 2901 1114 2959 negat
1128 2895 1170 2942 Fr.
1188 2897 1262 2943 Hoto-

217 2962 318 3008 Beroald.
338 2962 439 3011 Davies.
757 2979 855 3012 maanus.
873 2959 948 3024 Legit
957 2971 1043 3008 autem
1050 2962 1262 3023 damnietatem

254 3040 275 3074 1.
293 3028 410 3086 Quantum
427 3032 519 3074 navium
537 3028 668 3087 facultatem
683 3034 722 3077 ha·
753 3032 850 3090 primum
872 3026 991 3087 navigandi
1010 3024 1143 3086 facultatem
1167 3027 1260 3085 habaiu

217 3087 294 3146 bebai,
311 3109 378 3139 navet
383 3095 470 3154 finivit]
487 3098 557 3158 Lego
566 3108 720 3157 quantumna-
757 3111 825 3140 naves
837 3094 916 3154 solvit.
934 3090 984 3152 Jof.
1002 3093 1099 3155 Scaliger
1107 3090 1178 3141 delet
1183 3093 1261 3153 furrl-

215 3159 391 3222 taimbaldum,
402 3163 481 3223 soluat.
499 3163 568 3208 Nam
584 3159 649 3209 illud
657 3180 723 3210 naves
757 3173 831 3208 tatem.
857 3159 951 3218 Dionys.
972 3155 1036 3218 Voffio
1052 3157 1139 3223 placet
1153 3171 1280 3223 quaram·
1300 3192 1306 3213 ,-

214 3214 232 3268 ὶ
256 3218 406 3286 glossemate
433 3221 481 3273 ess'e
507 3240 602 3274 certum
629 3225 719 3277 habeo.
757 3229 848 3272 tranium
863 3224 950 3271 habebat
965 3256 975 3279 ‚
984 3224 1081 3283 solvite
1098 3236 1142 3273 aut
1156 3238 1262 3290 manta

216 3285 293 3352 Qrod
302 3284 320 3335 fi
325 3286 443 3346 facultatis
451 3305 540 3339 vocem
548 3295 657 3358 expungi
668 3309 721 3342 non
757 3294 849 3337 navium
853 3290 984 3349 facultatem
999 3290 1104 3345 habebar,
1118 3291 1200 3350 solvit.
1208 3294 1260 3341 An·

212 3354 328 3419 pateris,
346 3353 551 3412 emendandum,
567 3372 673 3420 quantam
681 3378 721 3406 na·
757 3355 842 3407 damet
856 3355 935 3404 nimis
951 3369 1051 3406 omnes.
1074 3357 1170 3420 Lego,
1184 3356 1260 3407 mini·

216 3423 283 3482 vtum
292 3419 424 3477 facultatem
439 3423 526 3467 habebat
536 3455 544 3478 ,
556 3423 634 3481 solvit.
646 3426 720 3473 Ciac·
756 3437 799 3471 ma
817 3423 959 3470 mutatione
976 3455 984 3479 ‚
999 3436 1094 3487 quatum
1111 3427 1210 3469 navium
1219 3422 1259 3483 fa·

215 3485 304 3534 conius
325 3482 452 3549 legebat:
478 3492 637 3550 quamprimum
654 3495 720 3537 navi·
756 3492 856 3535 cultatem
873 3490 960 3536 habebat
977 3524 985 3548 ‚
1000 3504 1068 3536 navas
1076 3487 1160 3547 solvit.
1179 3486 1258 3537 Velle·

210 3553 281 3615 gandi
293 3550 423 3609 facultatem
440 3552 536 3608 babuit,
560 3571 627 3600 naves
639 3558 718 3617 finiuit,
754 3566 852 3605 menter
866 3552 963 3612 fallot,
979 3548 1082 3610 nistii,
1098 3550 1259 3618 quibusnam
1288 3613 1290 3616 Ι

214 3620 307 3666 Metuo
325 3629 357 3663 ne
377 3613 507 3680 ingeniose
523 3620 625 3684 magis,
641 3636 719 3688 quam
754 3630 788 3680 est
805 3633 891 3693 cafitris
904 3625 1034 3685 aaaron,
1057 3628 1125 3680 hauc
1140 3626 1262 3683 emend«

214 3684 525 3807 veppidflpbpppapm
542 3752 640 3817 reponit
650 3769 717 3816 qaam
753 3711 853 3824 2325.ae
875 3690 996 3756 casem
1010 3696 1233 3767 mumma

210 3825 262 3871 m
276 3815 370 3871 aravium
385 3815 434 3891 lac·
459 3831 538 3885 quatu
561 3817 717 3879 emmdmio-
