2616 4462
169 257 242 330 612
398 247 1017 326 A H1aa11‘c0nuunu.

119 399 143 449 2
169 369 279 444 stratae
296 394 417 454 naves,
441 373 477 445 &
493 374 688 470 complures
700 394 827 472 apertae
845 375 1119 448 contenderunt:
1145 370 1204 448 cui

63 494 66 499 ·
167 467 305 541 coaetus
319 469 368 542 est
382 469 496 542 Caesar
513 468 602 542 ferte
617 471 827 562 subsidium,
853 497 897 545 ne
914 472 1105 570 turpitetin
1117 497 1205 544 con·

165 563 283 661 spedlu
307 566 551 639 contumeliam
575 569 773 664 acciperet3
799 594 1037 667 quamquam,
1069 569 1092 641 sr
1116 568 1205 665 quid

119 679 140 761 3
165 662 304 758 gravius
314 663 364 735 illi
376 663 566 752 accidisset,
582 664 705 736 merito
721 665 877 739 casurum
891 667 1075 763 judicabat.
1100 669 1207 739 Proe-

165 759 252 832 lium
269 762 484 834 commissum
501 760 549 833 est
568 785 690 858 magna
706 764 928 836 contentione
948 765 1173 836 Rhodiorum
1190 789 1201 837 ε
1248 830 1249 838 ,

26 869 70 947 χ
165 856 225 952 qui
244 883 355 955 quum
373 857 407 930 in
424 857 587 930 omnibus
600 860 925 934 dimicationibus&
937 862 1073 933 scientia
1085 861 1205 934 &vir-

164 972 240 1028 tute
256 955 507 1049 praestitissent,
532 977 607 1027 turn
620 959 766 1029 maxime
782 957 843 1030 illo
861 977 1016 1054 tempore
1034 979 1147 1031 totum
1161 985 1204 1030 o-

163 1075 229 1124 nus
246 1052 407 1127 sustinere
431 1078 501 1124 non
520 1053 716 1125 recusabant
734 1079 744 1141 3
769 1057 924 1145 nequod
943 1055 1083 1128 suorum
1100 1054 1202 1151 culpa

163 1148 410 1223 detrimentum
426 1172 604 1248 acceptum
619 1150 809 1227 videretur.
835 1154 885 1223 lta
902 1152 1066 1248 proelium
1083 1153 1203 1230 secun·

112 1271 141 1347 4
163 1244 336 1317 diffimum
352 1248 401 1320 est
418 1245 559 1320 sadum.
585 1245 695 1343 Capta
710 1248 758 1320 est
769 1254 843 1321 'una
860 1247 1010 1321 hostium
1026 1251 1203 1345 quadrire-

162 1343 249 1414 mis:
277 1359 288 1395 ¹
309 1344 458 1441 depressa
480 1345 529 1416 est
551 1343 680 1417 altera:
708 1366 722 1398 ²
740 1346 862 1421 deinde
882 1371 1001 1418 omnes
1028 1365 1039 1405 ³
1058 1346 1202 1444 epibatis

162 1440 320 1512 nudatae:
340 1465 461 1540 magna
476 1462 638 1538 praeterea
648 1442 838 1516 multitudo
853 1443 889 1514 in
899 1443 1040 1539 reliquis
1054 1444 1200 1518 navibus

112 1559 138 1636 5
161 1537 719 1636 propugnatorumellintersesla.
744 1539 925 1632 Quodnisi
942 1565 1012 1612 nox
1030 1541 1198 1636 proelium

155 1633 365 1727 diremisset,
384 1657 455 1709 tota
463 1635 560 1709 classe
570 1635 721 1710 hostium
732 1637 847 1711 Caesar
855 1637 984 1736 potitus
1000 1639 1092 1711 esset.
1117 1638 1199 1712 Hae

160 1731 347 1820 calamitate
363 1734 552 1830 perterritis
579 1731 765 1826 hostibus,
790 1736 930 1808 adverso
951 1755 1055 1808 vento
1076 1736 1199 1810 leniter

72 1840 75 1846 '
161 1826 287 1920 flante,
312 1856 413 1906 naves
430 1830 597 1904 onerarias
612 1829 728 1905 Caesar
743 1833 898 1907 remulco
918 1831 1116 1908 vidricibus
1132 1833 1201 1908 suis

161 1926 405 2002 Alexandriam
422 1930 571 2003 deducit·

116 2051 132 2098 1
173 2114 176 2121 ,
208 2026 310 2099 Xll.
335 2027 391 2099 Eo
407 2026 616 2101 detrimento
628 2025 712 2099 adeo
733 2026 811 2100 sunt
831 2025 928 2123 stadii
944 2027 1197 2119 Alexandrini,

161 2145 271 2218 quum
290 2149 361 2197 non
382 2123 452 2220 jam
476 2124 608 2199 virtute
630 2144 960 2224 propugnatorum,
983 2125 1037 2197 sed
1062 2127 1197 2207 scientia

160 2219 403 2315 classiariorum
422 2221 453 2293 se
470 2220 580 2293 vistos
598 2221 754 2295 viderent
770 2221 862 2269 *llll*
886 2223 1065 2318 ‘equibus
1089 2225 1125 2297 &
1143 2223 1212 2323 su·-

159 2318 351 2414 perioribus
365 2318 449 2392 locis
464 2317 751 2409 sublevabantur,
778 2339 817 2394 ut
829 2343 873 2393 ex
889 2319 1043 2394 aedificiis
1057 2320 1198 2488 defendsi

1121 2444 1167 2515 ΡΟ
1185 2461 1200 2477 ·

194 2560 216 2594 1.
233 2546 339 2608 Depreffiu
354 2545 482 2604 estasrrra,
499 2549 662 2607 deindeomaes]
692 2561 769 2612 quam
787 2547 890 2610 reliquae
909 2549 1056 2611 conjeslutae
1075 2583 1083 2606 ,
1109 2543 1161 2595 abit
1178 2542 1195 2593 dt

160 2610 239 2661 Editt.
266 2616 332 2679 Ram.
353 2617 403 2663 Veu.
423 2616 522 2663 Beroald.
558 2614 661 2678 aliaeque
692 2614 816 2674 Codicum
830 2613 949 2664 lestione.
983 2617 1052 2665 Idem.

159 2678 287 2727 nonnulla:
305 2676 425 2727 exhibent
450 2679 543 2741 depressa
561 2679 590 2738 est
606 2683 661 2726 ulte·
724 2680 748 2738 3.
766 2681 861 2743 Epibaris
884 2682 993 2740 nudare]
1020 2687 1078 2731 Sunt
1096 2680 1196 2742 ‘Epilurae

158 2762 201 2802 ru,
218 2743 660 2809 alteraqueperturhata,deindedce.
689 2747 733 2810 qui
758 2743 890 2794 navalibus
909 2742 993 2811 ope'ris
1020 2764 1051 2796 aes
1070 2756 1195 2799 merent,

156 2811 222 2860 unde
238 2807 350 2859 rescribit
367 2813 392 2870 J.
408 2816 449 2861 fr.
466 2815 591 2858 Gronovius
607 2810 659 2861 ob·
689 2827 743 2862 non
761 2811 835 2862 aliter
850 2824 926 2877 atque
943 2815 970 2862 in
984 2812 1068 2863 castris
1080 2812 1196 2863 milites3

126 2881 129 2885 ⁴
155 2875 217 2927 serv.
236 2873 281 2924 lib.
294 2891 332 2925 tv.
351 2893 474 2942 capum.
492 2881 602 2942 alteraque
608 2892 659 2941 per·
691 2877 811 2940 Claffiarios
827 2891 903 2927 vocat
919 2878 1005 2946 postea
1024 2883 1119 2928 Hirtius.
1154 2875 1193 2921 Sic

151 2947 239 3006 foratu.
256 2943 392 3000 Feliciter,
409 2957 435 2993 ut
454 2944 561 3008 opinor,
578 2941 610 2992 fic
632 2958 658 2992 e·
688 2945 715 2993 hc
733 2941 822 3008 pallim
845 2947 921 3005 Cesar,
940 2951 1026 2994 Brant.
1044 2942 1106 2992 Vide
1124 2939 1192 2997 ἴσων.

154 3005 238 3065 iiim,
261 3009 326 3056 inter
342 3009 407 3059 alios
423 3044 431 3067 ‚
448 3010 545 3058 loeutus
562 3006 595 3057 est
611 3025 658 3059 no-
689 3010 822 3074 Sclufferum
845 3010 906 3060 Mil.
924 3015 988 3061 Nar.
1006 3009 1051 3059 lib.
1078 3021 1114 3055 111
1134 3016 1189 3067 cap.

154 3074 202 3124 sler
219 3071 318 3135 hujusce
342 3073 402 3125 libri
426 3091 480 3140 cap.
504 3089 565 3125 xxv.
604 3081 659 3124 Da·
690 3090 747 3126 111.
780 3081 878 3127 Davu'es.
1067 3078 1070 3082 '

154 3145 210 3190 vies.
721 3163 747 3203 4.
771 3142 859 3205 Qubus
873 3140 1049 3202 &superioribus
1058 3139 1106 3184 locis
1118 3137 1193 3197 suble-

199 3225 223 3256 2.
247 3207 332 3273 Deinde
347 3224 417 3253 omues
442 3207 528 3270 epibatis
545 3209 657 3269 nudate]
688 3211 815 3263 rabuntur,
832 3209 894 3254 inex
905 3205 997 3264 edificiis
1006 3206 1092 3264 defendi
1100 3205 1194 3266 pulsem}

153 3275 222 3323 MSS.
246 3274 336 3320 Noruic.
362 3275 388 3322 oe
407 3275 492 3322 Thuuu.
510 3289 565 3322 cum
582 3273 655 3325 editt.
689 3279 757 3322 Ante
772 3272 822 3320 haee
838 3269 914 3320 verba
929 3268 1138 3320 manifestissimus
1157 3269 1192 3316 est

152 3351 214 3388 vett.
232 3333 409 3400 repraesentant
419 3340 493 3386 deiude
503 3338 597 3386 u'muibus
606 3341 655 3396 ,ex
688 3337 788 3394 hiatus,
804 3351 881 3401 quem
889 3338 975 3385 intulit
985 3336 1107 3393 vetustas,
1125 3336 1192 3384 unde
1218 3350 1223 3357 ·

152 3417 204 3468 qua
220 3405 342 3452 varietate
359 3405 424 3462 Juuu.
444 3401 655 3468 Gluudurpiusscri-
688 3416 791 3468 apparet
807 3415 902 3451 temere
917 3398 942 3450 se
961 3399 1055 3467 gessisse
1071 3408 1118 3449 Per.
1131 3407 1191 3450 ciuc-

152 3467 263 3519 bendum
279 3472 375 3532 putavit
388 3472 654 3519 deiuduuuuuulluumui-
687 3474 794 3527 cuuium,
820 3469 864 3532 qui
880 3465 989 3534 reposuit
1009 3483 1033 3515 ut
1050 3473 1091 3515 vix
1104 3468 1193 3527 edificia

151 3536 207 3585 bus:
228 3537 298 3584 Hudr.
318 3549 404 3585 autem
423 3538 532 3584 Turnebus
550 3532 654 3585 advers.
687 3535 773 3594 defendi
786 3535 891 3599 puffeur,
915 3550 972 3583 eum
996 3533 1027 3582 de
1056 3536 1120 3584 locis
1136 3547 1192 3583 tam

151 3600 200 3650 lib.
216 3617 272 3650 arv.
292 3614 348 3665 cap.
365 3617 424 3653 xvr.
442 3602 593 3650 duumuibus
604 3603 653 3651 ote.
688 3601 789 3648 mutilis
813 3600 879 3650 nihil
905 3613 974 3650 certo
991 3598 1065 3666 poffit
1082 3599 1193 3649 definiri.

150 3666 251 3716 Lubeus
269 3663 438 3732 rescripserim
455 3669 503 3714 dein
522 3667 568 3713 dua
584 3670 655 3713 omui·
688 3667 767 3727 Hujus
784 3677 873 3715 tamen
887 3667 981 3717 lacunae
991 3670 1018 3717 in
1028 3672 1080 3716 MS.
1098 3668 1193 3714 Nuruic.

148 3735 187 3781 bus
201 3736 287 3797 epibatus
303 3735 407 3789 uudutu,
423 3746 476 3796 quae
494 3729 597 3793 quidem
606 3732 655 3779 mi·
689 3733 715 3782 δι
733 3730 807 3782 editt.
824 3740 892 3800 Rom.
911 3738 961 3783 Veu.
976 3732 1076 3788 liutuald.
1093 3732 1195 3801 {tullum¹

82 3865 85 3869 .
148 3797 397 3879 animumanimum
413 3797 657 3870 murmuratione,
692 3795 728 3853 est
745 3796 878 3874 tudinum
909 3801 982 3872 lieno
