2616 4462
205 261 281 366 834
480 258 985 354 Josnpmscntmini

205 394 273 446 iuni
290 399 398 462 magna
411 397 477 444 erat
491 382 681 452 austoritas,
703 379 748 442 ita
771 377 895 441 urbium
915 397 1036 462 quoque
1055 419 1065 449 ,
1088 374 1258 462 inquibus

204 469 302 546 sedem
320 467 490 538 habebant,-
511 466 648 529 maxima
662 464 797 527 claritas.
829 463 1003 525 Treverensi
1018 463 1150 526 vicario
1169 485 1259 546 pare·

206 553 281 614 bant
300 552 406 634 prima
426 557 459 615 &
476 550 609 614 secunde
626 552 794 612 Germania
812 552 845 611 &
861 548 1013 631 Belgica,
1039 553 1076 613 δε
1091 568 1172 612 tota
1190 547 1257 610 Bri-

206 637 313 698 tannia
328 637 432 698 insula.
456 633 668 719 Lugdunensi,
691 653 822 716 quatuor
839 632 1075 715 LugdunenseS,
1099 655 1177 696 cum
1191 654 1259 694 ma·

205 721 291 784 xima
308 719 528 803 Sequanorum.
560 719 720 783 Viennensi
735 718 842 801 primae
858 722 891 781 &
910 717 1042 782 secunde
1065 719 1258 783 Narbonen-

207 804 243 868 fis
261 811 295 870 &
314 806 495 889 Aquitania.
521 806 618 889 Alpes
633 805 735 866 Graiae
757 807 790 867 δε
810 802 953 865 Poeninae
973 844 982 875 ‚
1007 803 1114 885 Alpes
1134 801 1253 866 mariti-

207 911 284 960 mae‚
310 891 614 973 Novempopulania.
637 889 758 952 Totum
777 887 856 959 hoc,
879 884 961 969 quod
979 887 1068 951 unius
1087 886 1208 951 vicarii
1217 886 1260 968 'Ju-

125 972 148 1025 '·
206 975 379 1038 risdislioni
394 973 546 1056 subjacet,
569 975 677 1039 Latini
693 972 853 1057 quomodo
871 971 1054 1054 defignaiint
1074 1015 1086 1045 ,
1109 994 1182 1036 nori
1200 991 1262 1034 me·

207 1060 303 1122 mini:
326 1059 376 1122 sed
392 1060 493 1123 Graeci
506 1063 653 1141 ἐξαρκέων,
670 1059 811 1128 inlunem,
835 1057 956 1131 πατμὼ
974 1076 1102 1120 vocant.
1128 1059 1261 1142 Regno-

208 1165 277 1207 rum
296 1144 376 1207 vices
386 1145 484 1208 multa
499 1146 529 1206 in
546 1145 604 1207 hac
614 1142 760 1207 divisione
775 1141 995 1214 immutarunt,
1018 1141 1072 1202 sed
1089 1142 1194 1208 status
1204 1141 1262 1206 Ec·

207 1227 386 1299 clesasticus
402 1251 468 1292 tarn
489 1231 520 1292 in
539 1230 670 1291 Oriente
687 1247 780 1310 quam
803 1227 834 1288 iri
857 1225 1030 1289 Occidente
1047 1225 1115 1306 ejus
1137 1230 1263 1312 integra

206 1314 330 1398 vestigia
347 1315 490 1381 haslenus
498 1313 631 1376 retinuit.
651 1313 735 1376 Nam
745 1310 889 1374 civitates
899 1354 909 1384 ,
931 1333 996 1396 quae
1013 1312 1199 1394 provinciis
1213 1333 1263 1375 no-

208 1399 294 1462 mina
311 1397 470 1469 fecerunt,
492 1398 668 1479 μητρπέλεις
684 1416 825 1461 vocant:
850 1401 883 1460 &
907 1395 976 1459 siin
994 1399 1035 1460 eis
1059 1395 1149 1461 sedes
1170 1397 1263 1462 fuerit

209 1484 341 1555 vicarii,
363 1503 454 1567 quem
469 1485 578 1565 ’ἔξαρχον
593 1483 769 1553 vocabant,
792 1501 842 1542 eas
860 1501 922 1542 non
938 1482 1034 1544 solum
1051 1484 1262 1566 purgabere,

208 1567 261 1630 sed
276 1571 310 1632 &
327 1570 449 1650 ἐξαςχίκς
467 1573 499 1633 &
516 1569 705 1648 πιτμιςχίας
721 1585 834 1630 vocant
855 1591 863 1628 i
889 1571 922 1630 &
941 1566 1087 1652 praesules
1104 1588 1223 1633 earum
1239 1574 1262 1627 i·

208 1651 314 1734 ξαίςχκς
332 1654 377 1730 zap*
402 1652 591 1732 πατμοίςχως.
620 1652 753 1738 reliquos
769 1651 972 1729 μητροπολίτις
994 1697 1005 1724 ,
1024 1649 1072 1729 κα)
1088 1657 1262 1737 ὶξιχιεπισκᾶ·

210 1754 281 1806 eree,
304 1737 357 1820 qui
373 1736 425 1800 sub
443 1737 472 1798 se
490 1756 610 1799 tantum
627 1737 773 1807 lateraliter
788 1734 921 1798 habent:
942 1757 1014 1802 nam
1032 1747 1057 1797 oi
1075 1729 1195 1820 ’ἐξαςχω
1211 1736 1259 1801 sub

209 1821 242 1882 se
264 1841 373 1903 praeter
389 1820 552 1905 episcopos
573 1822 776 1902 praeparatius
802 1818 942 1892 habent,
966 1831 1174 1903 purgantem,
1194 1843 1260 1888 vero

209 1925 332 1972 tantum
349 1904 505 1970 lenesm-
533 1907 570 1968 ln
588 1903 723 1969 Ecclesia
743 1905 859 1969 Latina
878 1905 1212 1989 Archiepiscoporum
1230 1913 1259 1972 &

209 2008 321 2054 nomen
341 1998 374 2056 &
386 1991 431 2071 jus
446 2009 568 2063 manet,
592 1995 625 2054 &
641 1989 813 2072 jurisdislio
825 1991 984 2054 Canonica
998 1992 1028 2052 in
1043 1989 1259 2075 suosepiscn

209 2093 268 2159 pos
285 2077 500 2160 suffraganeos,
520 2075 568 2137 sed
582 2073 696 2156 ἐξάρχω,
712 2075 796 2139 nulla
808 2075 932 2159 vestigia
951 2093 1076 2138 extant:
1101 2077 1164 2141 nisi
1182 2077 1259 2142 forte

211 2162 353 2245 quaedam
367 2162 475 2223 umbra
490 2159 553 2239 ejus
569 2157 678 2231 fuerit.
699 2161 784 2244 quod
800 2161 1005 2244 metropolita
1018 2159 1080 2223 sne
1092 2163 1261 2248 ,archiepi

208 2248 321 2330 scopus
338 2245 514 2310 Viennensis
530 2244 695 2330 primatem
711 2246 880 2327 primatum
897 2248 956 2308 sese
972 2263 1078 2310 vocat.
1101 2247 1161 2325 Eo
1180 2251 1259 2312 enim

211 2332 344 2394 ostendit
359 2331 412 2393 snb
431 2333 458 2392 se
472 2329 617 2413 primates
634 2328 781 2401 habuisse,
805 2330 857 2415 qui
868 2331 920 2394 sub
938 2352 974 2395 eo
989 2331 1099 2402 essent,
1127 2335 1259 2398 Narbo·

211 2417 337 2477 nensem
351 2417 515 2498 primatem
527 2415 717 2490 Provinciae,
740 2416 961 2481 Bituricensem
974 2418 1147 2499 primatem
1159 2421 1260 2504 Aqui·

211 2500 315 2563 raniae.
340 2499 442 2563 Aliter
458 2500 618 2583 quomodo
632 2522 685 2565 aut
699 2500 834 2585 quojure
850 2502 967 2584 primas
981 2502 1160 2583 primatum
1178 2507 1259 2570 dice·

213 2605 322 2654 retur,
351 2583 403 2647 nisi
419 2585 737 2648 rationedioeceseos
761 2586 885 2649 Vicarii
910 2585 1092 2649 Viennensis
1118 2589 1259 2671 praesesli

212 2668 382 2755 praetorio,
414 2669 467 2753 qui
486 2671 600 2750 septem
619 2669 793 2751 prouincias
810 2669 863 2733 sub
880 2671 908 2732 se
923 2670 1076 2743 habebar,
1098 2674 1132 2736 in
1152 2676 1261 2761 quibus

212 2758 315 2840 prima
333 2754 556 2826 Narbonensis,
577 2752 727 2837 &prima
746 2756 940 2839 Aquitania?
965 2755 1057 2842 Qiod
1078 2779 1159 2824 vero
1177 2762 1260 2844 Lug-

212 2840 348 2904 dunensis
364 2841 528 2926 primatem
552 2841 612 2901 sese
634 2839 737 2903 vocari
754 2839 908 2924 gaudeat,
930 2863 1079 2925 nuperum
1104 2849 1140 2910 &
1168 2849 1259 2911 novis

213 2927 294 2990 tium
311 2926 368 2999 est,
392 2927 490 2991 &illi
507 2946 543 2988 eir
557 2924 709 2987 beneficio
725 2924 886 2989 Pontificis
902 2925 997 2994 Rom.
1014 2926 1195 3001 indultum.¹
1213 2953 1259 2995 ne-

213 3030 271 3097 que
286 3033 388 3078 tamen
404 3031 518 3074 novum
534 3008 585 3072 est.
609 3011 695 3074 Nam
712 3010 896 3075 Guilielmus
905 3011 995 3078 Brito
1009 3012 1042 3076 in
1058 3013 1116 3079 suo
1134 3011 1261 3104 Philip

214 3097 305 3184 peide
320 3099 365 3160 ita
383 3095 485 3158 canit:

303 3187 343 3242 Et
360 3177 560 3268 Lugdunenfir,
582 3202 634 3266 quo
652 3183 743 3242 Gallia
761 3200 821 3244 tota
829 3181 954 3261 solebat,

300 3267 435 3351 Ursama
453 3265 504 3339 esi,
525 3268 652 3328 Primare
668 3271 733 3348 regi.

210 3349 263 3412 'At
282 3351 398 3434 primas
414 3352 584 3436 primatum
601 3369 689 3414 antea
707 3351 770 3414 dici
786 3351 850 3431 jure
866 3372 926 3413 non
943 3350 1071 3433 potuit,
1093 3354 1174 3438 quia
1195 3355 1260 3422 nul-

212 3427 276 3496 lam
294 3436 427 3516 primam
444 3436 637 3519 provinciam
653 3435 705 3498 sub
723 3440 751 3499 se
771 3437 916 3499 habebat.
941 3436 1119 3501 Viennensis
1138 3442 1261 3524 primas

212 3517 339 3604 quidem
358 3520 525 3602 primatum
539 3522 645 3585 vocari
661 3520 744 3592 vult,
766 3521 817 3583 sed
835 3519 965 3584 caussam
982 3522 1137 3595 camille,
1164 3547 1263 3612 quam

176 3652 193 3687 ,
214 3605 317 3669 omnis
329 3605 452 3669 ecclesia
468 3606 599 3687 ignorat.
630 3604 709 3667 Haec
729 3604 828 3667 diviso
844 3607 1040 3683 Galliarum,
1061 3628 1095 3672 ut
1112 3615 1263 3678 omniurn

214 3693 436 3776 antiquissima,
458 3690 504 3753 ita
517 3690 681 3753 certissima
700 3689 791 3755 nobis
807 3692 956 3777 sequenda
972 3714 1055 3765 erat,
1076 3714 1180 3782 neque
1198 3699 1264 3763 ulla

95 3865 97 3868 Ι
138 3836 141 3841 ,
186 3866 195 3875 .
213 3778 328 3846 melior
343 3774 503 3866 querenda
517 3773 537 3848 ‘a
550 3774 641 3868 nobis
655 3793 743 3869 eret,
762 3774 920 3866 sintegrae
933 3779 995 3849 illae
1011 3783 1136 3867 ἐξωςχίοη
1153 3781 1264 3850 adhuc

165 3936 171 3945 .
194 3890 220 3941 ’Δ
542 3931 545 3943 .
796 3913 798 3919 ·
1183 3869 1268 3942 {iub⁸
