2594 4462
113 255 116 285 s
157 237 242 348 aaa
368 229 420 318 C.
443 238 476 334 J.
499 230 726 315 enitare
748 230 1006 318 conuerte:
1078 227 1094 239 ”

130 395 134 402 ·
163 393 262 458 rem,
285 364 431 466 captivae
448 362 705 440 Maffilienfium
715 362 917 438 accesserant
932 388 994 438 vr.
1016 348 1201 464 Hassupei

164 466 313 539 rioribus
328 464 490 539 refecerat
500 460 639 548 diebus,
662 482 766 560 atque
779 462 942 535 omnibus
957 460 1061 535 rebus
1073 460 1201 538 instrue

82 633 87 645 ,
114 573 142 637 9,
164 587 271 638 xerat.
307 564 430 663 Itaque
446 560 525 635 suos
543 561 764 645 cohortatus,
789 585 878 659 quos
894 558 1203 660 integros·supeta·'

163 662 316 753 visscnt,
339 682 381 736 ut
396 658 508 733 victos
524 675 803 748 contemnerent,
827 658 949 758 plenus
960 658 1028 755 spei
1036 658 1145 733 bonae
1154 679 1202 736 au
1231 750 1234 757 ι

115 767 138 851 3
189 783 232 832 ue
247 758 352 833 animi
366 755 527 832 adversus
542 781 600 832 eos
620 750 862 852 proficiscitur.
887 756 1002 831 Facile
1009 777 1082 831 erat
1096 780 1202 832 exca-
1238 778 1241 785 ·

161 783 238 930 dris
256 857 303 930 C.
328 854 531 945 Trebonii,
553 874 656 952 atque
681 854 843 928 omnibus
862 852 1096 953 superioribus
1119 853 1202 931 locit

160 955 356 1053 prospicere
373 952 408 1030 in
423 951 567 1042 urbem,
587 970 627 1026 ut
642 951 754 1026 omnis
769 954 933 1049 juventus
951 1010 962 1044 ,
986 952 1124 1052 quaein
1142 978 1202 1055 op-

189 1052 247 1125 ido
263 1050 492 1142 remanserat,
517 1048 736 1148 1omnesque
750 1049 931 1148 superioris
955 1050 1064 1133 aetatis
1088 1107 1100 1142 ,
1122 1075 1200 1127 cum

161 1077 301 1239 liberis,
325 1173 412 1246 aque
431 1145 622 1239 uxoribus,
645 1146 861 1247 publicisque
880 1147 1199 1249 custodiis,·auter

163 1269 268 1318 muro
286 1244 328 1317 ad
345 1244 477 1319 eoelum
497 1269 617 1318 manus
638 1245 845 1336 tenderent,
875 1264 934 1318 aut
951 1245 1080 1342 templa
1105 1239 1198 1331 Deo-¹

163 1365 244 1414 rum
260 1342 507 1417 immortalium
529 1342 688 1433 adirent,
711 1345 749 1418 δε
770 1362 849 1416 ante
864 1340 1040 1416 simulacra
1056 1342 1199 1443 projeffl

2 1456 8 1468 '
112 1450 143 1540 '4
166 1438 346 1513 victoriam
361 1440 404 1514 ab
413 1440 490 1514 Diis
503 1439 735 1538 exposcerent.
762 1455 876 1539 neque
892 1440 1199 1538 eratquisquamo
1242 1414 1245 1525 l

130 1567 132 1572 ·
163 1536 330 1635 mnium,
357 1556 372 1591 2
389 1538 450 1637 qui
466 1561 537 1611 non
558 1538 594 1612 in
611 1536 685 1636 ejus
699 1538 766 1612 diei
788 1536 863 1612 casu
879 1535 1017 1611 suarum
1040 1534 1199 1615 omnium
1239 1534 1245 1577 ²

156 1631 555 1727 ,fortunarumeventum
571 1633 980 1711 consistereexistimareu
1002 1636 1199 1711 namucno-
1243 1644 1245 1649 '

164 1730 251 1805 nesti
264 1757 307 1808 ex
317 1733 522 1832 juventute,
545 1735 582 1808 &
598 1731 763 1832 cujusque
778 1733 885 1809 aetatis
898 1729 1115 1831 ampliffimi,
1135 1757 1199 1808 no·

164 1830 322 1904 minatim
340 1832 474 1906 evocati
498 1851 602 1929 atque
613 1831 778 1906 obsecrati
796 1852 899 1904 naves
914 1829 1200 1924 conscendentium

164 1946 228 2019 ut,
252 1927 276 2001 si
294 1926 379 2027 quid
393 1929 523 2004 adverfi
534 1928 723 2015 accidisset,
741 1930 833 2004 nead
844 1930 1040 2003 conandum
1048 1928 1198 2100 lpaidom
1239 1948 1244 1967 ··

71 2041 72 2046 ’
120 2078 124 2083 -
164 2024 228 2098 srbi
238 2027 427 2124 quidquam
437 2025 561 2127 reliqui
575 2019 835 2102 foreviderent:
853 2024 1045 2124 fisuperavi
1073 2027 1210 2102 entvel¹
1243 2060 1245 2071 ·

163 2123 359 2198 domesticis
367 2124 509 2224 opibus,
526 2123 584 2198 vel
592 2124 901 2213 externisauxiliis,
926 2124 969 2199 de
984 2123 1090 2200 salute
1105 2124 1201 2221 urbis
1240 2149 1243 2155 ·

163 2222 391 2298 confiderent.
583 2256 589 2267 e

114 2314 139 2382 '¹
163 2403 171 2417 ,
210 2319 280 2392 Vl.
308 2319 504 2395 Commill‘o
518 2320 674 2418 proelio,
699 2317 964 2396 Massiliensibus
979 2343 1031 2396 res
1046 2310 1147 2415 nulla
1161 2320 1201 2395 ad

37 2466 40 2471 -
162 2414 330 2491 uirtutem
348 2413 460 2493 defuit
482 2444 490 2490 :
516 2418 570 2492 sed
586 2423 899 2495 memores'eorum
922 2440 1201 2519 praeceptorum,

162 2538 243 2612 quae
259 2514 377 2612 paullo
391 2534 468 2589 ante
484 2515 527 2589 ab
542 2517 607 2591 suis
621 2536 842 2615 acceperant,
867 2517 935 2593 hoc
953 2516 1200 2593 animodecer·

162 2611 301 2703 tabant,
325 2633 366 2686 ut
381 2613 518 2687 nullum
534 2614 628 2691 aliud
643 2635 781 2713 tempus
798 2616 840 2688 ad
849 2615 1046 2690 conandum
1065 2615 1199 2691 habitata

161 2709 192 2782 ri
209 2711 430 2803 viderentur,
453 2714 511 2804 &,
529 2713 656 2810 quibus
672 2713 706 2785 in
718 2737 835 2812 pugna
849 2714 932 2790 vitae
944 2713 1201 2813 periculumro

162 2808 291 2884 tideret
311 2865 324 2900 ,
347 2834 418 2882 non
448 2809 491 2883 ita
512 2810 626 2884 multo
645 2810 678 2883 se
702 2811 917 2909 reliquorum
936 2812 1069 2888 civium
1093 2810 1203 2887 fatum

162 2907 360 2981 antecedere
374 2905 626 2993 existimarent,
650 2908 777 3005 quibus
792 2911 878 2985 urbe
886 2932 982 3008 capta
992 2909 1111 2984 eadem
1120 2908 1204 2985 esset

114 3005 142 3078 '2
162 3002 246 3083 belli
260 3003 402 3080 fortuna
426 3005 592 3102 patienda.
628 3004 865 3108 Dedudlisque
884 3009 1008 3085 nostris
1023 3007 1204 3109 paullatim

1139 3127 1204 3178 112-

173 3298 177 3305 -
192 3282 216 3320 1.
234 3273 352 3336 omnesque
363 3270 579 3338 superornatam]
595 3277 662 3323 AEta·
697 3273 731 3323 est
746 3305 754 3329 ‚
771 3285 863 3324 evento
880 3275 888 3335 “,
913 3274 1042 3334 fortunae
1066 3264 1092 3327 dt
1115 3269 1206 3338 expli-¹

157 3335 192 3388 tle
206 3338 396 3403 provestioris,
420 3337 540 3389 seniores.
558 3337 660 3390 Ratisll-
697 3353 757 3398 cat,
779 3356 836 3390 cum
851 3342 886 3391 ait
904 3359 913 3397 a
930 3343 1006 3406 quibas
1022 3343 1074 3390 urbe
1086 3351 1148 3404 capra
1167 3355 1206 3386 ea-

159 3417 204 3454 mr
218 3405 253 3454 est
269 3405 366 3455 locutio
382 3423 390 3464 ς
413 3417 501 3455 tamen
513 3403 592 3471 simili
607 3405 660 3456 fere
697 3409 745 3454 dem
760 3409 810 3469 effer
822 3400 1088 3471 bellifoleunapan'enda.
1105 3405 1145 3455 Sic
1162 3405 1205 3454 in*

158 3471 239 3522 niodo
258 3475 370 3535 ,Apulejus
385 3476 493 3523 Metam.
512 3471 556 3524 lib.
568 3489 590 3524 1.
599 3488 659 3540 pag.
696 3471 735 3522 fra
746 3474 935 3535 fortunamdixit
949 3489 996 3540 pro
1010 3477 1069 3543 casae,
1086 3471 1207 3533 nostor&

159 3550 192 3600 sf‘
201 3539 241 3592 ed.
259 3539 373 3590 Pricaan.
394 3540 476 3598 Video,
491 3541 592 3606 inquit,
610 3558 659 3587 mu·
694 3546 780 3603 pentina
786 3542 879 3602 fortuna
883 3545 976 3609 permoti
985 3558 1083 3599 μνη,
1102 3538 1205 3604 ςυρψ

160 3606 222 3656 lieres
237 3610 292 3656 duas
301 3606 400 3655 altioris
406 3611 482 3660 atatis.
499 3607 597 3657 Eodem
605 3604 660 3655 sen·
695 3610 762 3669 sunt,
780 3612 897 3673 arripiunt.
915 3607 989 3659 Unde
998 3609 1078 3657 miror
1095 3605 1206 3654 ciacco-

160 3666 306 3736 firmajorem
313 3685 394 3721 atatem
408 3671 472 3724 dixit
480 3673 660 3725 Tmullianusin
697 3675 768 3724 nium
789 3689 877 3729 tamen
902 3673 1039 3726 emendare
1063 3672 1115 3723 hoc
1142 3669 1211 3720 loco

61 3738 64 3745 '
159 3741 271 3807 Apolog.
281 3754 337 3804 cap.
349 3754 387 3791 tx.
421 3745 516 3794 Davus.
696 3755 833 3814 conatum,
848 3745 975 3811 inensam
991 3753 1081 3813 ettam
1096 3743 1132 3816 u,-
1141 3732 1209 3797 Vos-

192 3809 659 3876 aQtamaejasdiacasuJHoe
693 3805 753 3875 fiat.
786 3848 815 3858 -,
860 3815 862 3818 ’
953 3810 960 3818 ’
