2616 4462
269 273 329 326 nn
352 250 512 324 Bntt'o
536 250 912 350 Atexnunnrno.
1031 259 1117 339 ’6η

85 374 182 450 omni
194 374 250 448 illa
265 374 406 474 regione
421 375 461 446 ad
472 375 631 449 tenendas
647 375 822 447 anchoras.
848 374 919 464 Hi,
938 400 1047 474 quum
1058 383 1121 457 diu

86 477 335 562 retinerentur,
350 495 453 570 atque
471 472 692 569 aquaeinopia
708 492 965 568 premerentur,
981 478 1120 578 navigio

86 571 237 646 asluario
258 571 428 644 Caesarem
446 568 577 641 faciunt
593 569 782 641 certiorem.
875 585 878 593 “
963 630 966 645 ,

134 670 184 743 Χ.
209 668 324 740 Caesar
341 689 379 739 ut
394 692 457 764 per
475 666 506 737 se
521 665 702 739 confilium
718 685 872 763 caperet,
892 666 977 765 quid
996 666 1117 744 sacien-
1148 693 1165 743 1

86 766 170 839 dum
188 767 381 849 videretur,
405 764 519 835 navim
534 763 750 852 conscendit,
768 786 871 860 atque
886 790 1026 850 omnem
1042 767 1121 840 clas·

85 864 154 936 sem
164 862 258 960 sequi
265 860 494 960 jusfit,nullis
504 859 625 933 nostris
635 860 800 933 militibus
813 861 1122 960 impofitis3quod‚
1146 880 1171 932 2

88 985 199 1057 quum
226 959 363 1059 longius
389 958 506 1056 paullo
529 958 743 1048 discederet,
768 959 976 1032 munitiones
995 963 1124 1038 nudare

88 1057 248 1130 nolebat:
264 1081 443 1152 quumque
451 1056 492 1127 ad
502 1052 916 1146 eumlocumaccesfislet‚
934 1057 995 1155 qui
1004 1061 1123 1156 appel-

89 1155 180 1227 latur
196 1153 432 1228 Cherronesus
449 1210 458 1238 ,
483 1154 701 1252 aquandique
717 1151 825 1224 caussa
839 1154 984 1252 remiges
997 1155 1032 1227 in
1051 1177 1124 1251 ter.

22 1258 26 1263 ’
89 1252 394 1348 ramexposuiss'et‚
418 1251 581 1324 nonnulli
598 1267 608 1302 ¹
627 1276 720 1323 exeo
734 1274 900 1333 numero,
923 1252 1124 1349 quumlon·

89 1349 345 1447 giusanavibus
360 1350 548 1448 praedatum
562 1347 810 1445 processissent,
825 1346 868 1420 ab
876 1348 1050 1444 equitibus
1061 1353 1125 1425 ho-

91 1448 193 1520 stium
207 1446 287 1520 sunt
303 1447 458 1541 excepti:
486 1471 528 1518 ex
544 1446 584 1525 iis
598 1466 864 1544 cognoverunt,
887 1445 1058 1520 Caesarem
1072 1449 1124 1549 ip·
1149 1472 1171 1557 3
1226 1470 1229 1477 ⁴

90 1543 164 1616 sum
183 1545 219 1617 in
234 1545 332 1620 classe
349 1544 474 1616 venisse
491 1564 588 1633 ,nec
604 1544 694 1617 ullos
711 1542 836 1616 milites
851 1545 887 1615 in
905 1543 1049 1619 navibus
1067 1548 1126 1620 ha·

91 1639 183 1715 bere.
210 1643 293 1737 Qun
316 1667 352 1715 re
369 1663 565 1738 comperta,
589 1665 749 1742 magnam
765 1638 825 1711 fibi
841 1633 1037 1715 facultatem
1054 1642 1126 1716 for-

91 1759 211 1811 tunam
226 1739 385 1812 obtuliss'e
401 1738 486 1809 bene
503 1739 662 1836 gerendae
679 1737 725 1809 rei
741 1736 958 1811 crediderunt
977 1762 985 1810 ε
1012 1739 1127 1838 itaque
1149 1769 1176 1846 4

40 1889 41 1892 ,
92 1861 194 1909 naves
213 1863 353 1922 omnes,
378 1859 460 1932 quas
470 1855 596 1928 paratas
612 1834 800 1908 habuerant
815 1835 856 1906 ad
872 1835 1127 1933 navigandum,

58 2024 60 2029 Ι
94 1933 410 2030 propugnatoribus
451 1930 712 2017 instruxerunt,
743 1930 940 2030 Caesarique
971 1934 1127 2007 redeunti
1177 2011 1182 2020 ,

94 2055 175 2103 curn
191 2032 289 2104 classe
305 2051 530 2102 occurrerunt
551 2052 560 2103 ε
587 2031 646 2130 qui
671 2028 804 2102 duabus
819 2029 861 2102 de
877 2027 994 2103 caussis
1012 2055 1055 2102 eo
1072 2033 1127 2107 die
1150 2055 1174 2136 5

93 2129 254 2201 dimicare
270 2127 426 2216 nolebat,
441 2128 582 2225 quod&
594 2125 842 2202 nullosmilites
859 2126 894 2198 in
910 2126 1055 2199 navibus
1070 2129 1128 2202 ha-

94 2224 216 2311 bebat,
242 2223 370 2320 &post
389 2225 505 2297 horam
524 2248 547 2296 x
565 2225 630 2297 diei
646 2248 696 2298 res
711 2220 896 2323 agebatur:
923 2249 994 2296 nox
1013 2248 1129 2301 autem

93 2324 234 2397 allatura
250 2324 431 2396 videbatur
444 2322 606 2419 majorem
622 2322 782 2395 fiduciam
794 2321 880 2411 illis,
897 2321 958 2420 qui
969 2321 1130 2399 locorum

94 2422 217 2501 notitia
231 2418 471 2494 confidebant:
499 2418 561 2490 fibi
579 2422 678 2492 etiam
695 2420 852 2492 hortandi
868 2418 945 2494 suos
959 2414 1132 2496 auxilium

95 2514 297 2591 defuturum
322 2545 333 2605 ;
362 2521 457 2614 quod
481 2517 576 2590 nulla
603 2516 677 2590 satis
700 2517 821 2590 idonea
845 2514 927 2591 esset
952 2517 1130 2612 hortatio,

26 2682 37 2695 ,
96 2639 164 2708 qua
191 2639 301 2711 neque
323 2617 488 2687 virtutem
512 2615 620 2713 posset
644 2635 789 2703 notare,
824 2637 936 2712 neque
961 2615 1129 2689 inertiam.

96 2711 238 2809 Quibus
254 2712 421 2784 decaussrs
447 2732 461 2763 2
480 2737 605 2800 naves,
623 2737 705 2808 quas
715 2713 851 2810 potuit,
877 2712 994 2785 Caesar
1007 2714 1049 2784 ad
1064 2733 1130 2786 ter·
1156 2721 1181 2798 6
1207 2784 1209 2789 ,
1287 2714 1288 2719 ’

96 2835 167 2882 ram
187 2807 334 2882 detrahit
358 2834 365 2880 :
390 2818 496 2908 'quem
522 2812 558 2883 in
582 2810 700 2884 locum
728 2811 806 2882 illos
832 2807 1039 2915 successuros
1060 2834 1135 2883 non·

98 2905 322 2992 existimabat.

145 3004 214 3079 Xl.
242 3005 327 3077 Erat
344 3025 412 3074 una
428 3003 523 3075 navis
544 3002 686 3084 Rhodia
706 3004 741 3076 in
757 3006 880 3076 dextro
897 2999 1041 3080 Caesaris
1057 3029 1136 3091 cor·
1161 3040 1178 3090 1

98 3127 146 3176 nu
162 3104 267 3202 longe
285 3103 328 3176 ab
343 3099 483 3196 reliquis
501 3100 677 3173 collocata.
702 3100 807 3173 Hanc
823 3098 1005 3197 conspicati
1022 3103 1136 3180 hostes

21 3218 24 3223 ’
98 3225 170 3273 non
187 3220 374 3277 tenuerunt
383 3197 471 3288 sese3
490 3220 686 3297 magnoque
695 3193 837 3296 impetu
849 3222 891 3271 ιν
908 3196 949 3271 ad
965 3223 1038 3272 eam
1051 3226 1137 3275 con·

25 3420 29 3425 -
63 3431 65 3435 Α
135 3409 157 3443 r.
175 3401 211 3443 Er
228 3415 249 3444 eo
266 3398 379 3455 numero]
396 3394 435 3443 Sic
452 3388 551 3460 reposui
567 3408 599 3445 ex
634 3390 669 3443 est
687 3409 730 3445 eas
756 3392 787 3443 de
804 3397 869 3445 mari
885 3399 912 3447 in
929 3396 1002 3446 littus
1017 3398 1136 3456 trahere,

101 3463 155 3512 MS.
173 3467 262 3509 Neron.
281 3467 307 3514 st
325 3463 399 3512 editt.
414 3467 481 3528 Rem.
503 3467 602 3512 Vendre·
634 3461 704 3526 quod
718 3476 787 3511 mare
805 3464 881 3512 altius
897 3461 946 3520 stt,
964 3476 1042 3527 quam
1059 3464 1138 3514 breve

98 3528 170 3576 ruald.
197 3542 256 3575 cum
275 3532 426 3579 recentiores
443 3541 559 3591 pronomen
573 3545 602 3578 o·
633 3528 728 3577 littoris
745 3527 855 3587 vadum,
873 3526 1038 3595 deorsumque
1051 3547 1082 3581 ex
1098 3531 1137 3579 al·

101 3593 225 3651 mittant,
241 3595 309 3656 quod
323 3596 430 3645 omnino
445 3592 543 3645 videtur
559 3593 602 3644 de·
634 3607 662 3642 to
678 3597 705 3645 δι
720 3592 815 3662 pelago
831 3596 859 3644 in
875 3593 970 3645 vadosa
985 3597 1074 3646 littora
1093 3596 1138 3646 de·

103 3657 215 3714 sclerati·
249 3664 343 3712 Davus.
634 3668 692 3720 duci
717 3670 860 3722 videantur.
888 3671 981 3720 Graecis
998 3667 1135 3734 noviper·

107 3771 113 3782 .
136 3754 160 3786 2.
183 3744 258 3784 Naves
276 3769 284 3791 ,
300 3752 352 3801 qua
367 3741 435 3801 ptuit
455 3773 463 3796 ,
490 3736 604 3798 Caefhrad
634 3750 660 3785 ut
676 3736 750 3788 do‘c'et
767 3739 840 3787 Hadr.
851 3739 961 3785 Turnebus
969 3735 1083 3789 libau·
1092 3732 1138 3788 a&

100 3815 184 3858 verram
200 3804 294 3854 detrahit
302 3805 325 3864 J·
341 3807 462 3854 Detrahere
477 3820 547 3865 aqva
562 3799 606 3856 hid
634 3800 697 3858 ms·
712 3816 839 3873 cavar.
876 3808 953 3856 srenr.

796 3872 878 3936 032
