2616 4462
217 252 294 355 498
448 244 495 323 C.
519 247 553 343 J.
577 246 800 329 Crssnnrs
823 247 1075 326 Comunnr.

218 374 344 448 struit:
377 387 518 468 ¹atque
543 371 595 444 his
619 371 793 540 imperat,
818 390 865 455 ut,
883 372 1099 449 simulatione
1121 374 1260 454 timoris
1299 450 1302 455 .

219 472 397 568 paullatim
415 471 553 553 cedant,
573 494 662 566 aepe
687 469 918 545 emreserant:
942 471 1025 564 sese,
1045 466 1155 569 quum
1167 502 1261 572 opus

219 570 321 658 esset,
345 566 480 665 signum
499 567 613 664 proelii
630 567 816 661 daturum,
839 572 904 664 δὴ,
913 569 1007 665 quod
1017 593 1087 643 rem
1102 571 1261 668 postula-

170 683 196 761 4
220 692 256 739 re
279 664 524 768 cognovisset,
548 666 807 761 imperaturum.
830 666 961 750 Curio,
982 667 1021 739 ad
1045 666 1080 740 su
1125 669 1257 746 riorem

216 763 311 859 spem
328 762 439 834 addita
457 761 630 858 praesentis
647 764 809 859 temporis
823 762 1008 859 opinione,
1032 692 1142 838 hoiees
1154 765 1258 866 suge·
1280 786 1297 795 ·

218 886 255 935 te
272 859 477 942 arbitratus,
503 860 615 956 copias
632 883 677 932 ex
693 859 777 934 locis
793 861 1027 961 superioribus
1044 863 1080 934 in
1095 886 1256 962 campum

219 958 371 1032 deducit.
898 1028 909 1047 ,

175 1083 192 1131 ι
264 1057 367 1130 XLI.
395 1051 536 1144 Quibus
552 1079 595 1128 ex
612 1054 696 1128 locis
711 1077 820 1154 quum
841 1051 979 1155 longius
1000 1054 1083 1155 esset
1098 1057 1257 1158 progres-

221 1153 294 1244 sus,
318 1152 479 1226 confesso
494 1153 564 1249 jam
585 1152 703 1227 labore
720 1152 901 1242 exercitu,
926 1178 994 1225 xvr
1015 1154 1166 1230 millium
1187 1155 1257 1254 spa·

171 1275 197 1328 2
221 1250 290 1340 tio,
314 1249 478 1323 consrstit.
504 1251 576 1322 Dat
592 1248 728 1346 signum
746 1251 812 1323 suis
829 1250 981 1337 Sabura,
1005 1251 1114 1344 aciem
1133 1250 1260 1326 consti·

223 1348 321 1437 tuit,
345 1351 382 1421 ὅ(
407 1345 551 1420 circuire
570 1349 730 1431 ordines,
762 1369 864 1445 atque
887 1348 1013 1420 hortati
1033 1348 1168 1447 incipit.
1202 1351 1259 1424 sed

222 1444 376 1543 peditatu
393 1445 558 1517 duntaxat
575 1444 696 1542 procul
706 1446 746 1516 ad
762 1445 906 1540 speciem
922 1445 1058 1534 utitur3
1081 1446 1216 1544 equites
1224 1448 1260 1521 in

176 1557 198 1642 3
222 1543 326 1615 aciem
345 1543 461 1616 mittit.
488 1541 578 1613 Non
594 1542 685 1615 deest
702 1541 845 1640 'negotio
861 1541 998 1627 Curio,
1021 1541 1167 1641 suosque
1176 1546 1262 1617 hor-

222 1659 338 1730 tatur,
361 1642 406 1712 ut'
418 1637 511 1735 spem
528 1663 667 1712 omnem
686 1639 722 1712 in
738 1641 866 1713 virtute
884 1640 1065 1737 reponant.
1090 1664 1152 1714 nec
1167 1641 1262 1715 mili·

222 1737 315 1811 tibus
331 1737 470 1834 quidem
491 1793 501 1826 ‚
526 1756 565 1808 ut
582 1734 713 1810 defessis
731 1761 741 1822 ;
767 1760 878 1834 neque
892 1737 1095 1834 equitibus,
1120 1756 1160 1811 ut
1174 1763 1262 1836 pau-

175 1871 179 1875 ·
223 1835 290 1922 cis,
314 1838 350 1909 be
368 1835 484 1908 labore
501 1830 687 1924 confessis,
711 1832 863 1906 studium
879 1834 920 1906 ad
939 1834 1169 1933 pugnandum
1188 1835 1261 1909 vir·'

175 1944 202 2025 4
224 1931 347 2026 rusque
363 1934 487 2006 deerat.
509 1930 565 2004 sed
583 1930 606 2003 ii
621 1950 717 2004 erant
733 1954 948 2005 numerous.
971 1931 1094 2031 reliqui
1110 1930 1147 2005 in
1161 1931 1264 2008 itine-

224 2054 260 2102 re
277 2029 507 2106 substiterant.
545 2026 599 2100 Hi
623 2038 866 2126 quamcunque
882 2028 918 2103 in
940 2042 1070 2128 partem
1086 2029 1261 2128 impetum

176 2142 202 2218 5
224 2125 392 2220 fecerant,
418 2126 530 2200 hostes
545 2124 624 2198 loco
641 2126 759 2200 cedere
775 2124 957 2224 cogebant.
982 2125 1040 2200 sed
1055 2149 1168 2224 neque
1183 2125 1277 2203 lon·.

224 2223 303 2322 gius
321 2223 492 2326 fugientes
507 2222 665 2322 prosequi
685 2279 696 2314 ,
720 2249 783 2298 nec
800 2224 1036 2297 vehementius
1050 2234 1161 2325 equos
1177 2223 1263 2301 inci·

224 2342 296 2394 tare
312 2342 480 2421 poterant.
504 2323 553 2395 At
567 2321 737 2418 equitatus
760 2321 911 2393 hostium
927 2321 970 2394 ab
985 2342 1138 2420 utroque
1151 2347 1263 2398 cornu

226 2418 406 2494 circumire
420 2418 525 2492 aciem
545 2418 715 2508 nostram,
739 2419 776 2492 ὃ(
790 2417 922 2493 aversos
936 2439 1111 2517 proterere
1127 2418 1262 2519 incipit.
1300 2430 1303 2435 '

179 2519 205 2596 6
228 2515 351 2611 Qrum
369 2518 530 2600 cohortes
546 2539 590 2589 ex
608 2515 678 2589 acie
694 2515 938 2615 procurriss'ent
957 2572 968 2607 ,
988 2515 1161 2591 Numidae
1178 2517 1265 2592 inte·

225 2615 300 2712 gri,
316 2610 1089 2712 celeritateimpetumnostrorumeffugiebant
1100 2639 1115 2702 3=
1133 2613 1265 2689 rursus·

226 2737 295 2810 que
311 2712 353 2784 ad
370 2711 505 2785 ordines
520 2711 597 2784 suos
619 2712 649 2783 se
668 2711 869 2808 recipientes
885 2710 1141 2800 circumibant,
1164 2711 1265 2785 &ab

225 2806 296 2883 acie
312 2808 552 2883 excludebant.
577 2809 635 2884 Sic
653 2832 765 2905 neque
782 2808 817 2881 in
834 2808 913 2882 loeo
931 2832 1087 2890 manere,
1110 2806 1268 2882 ordines·

168 2973 171 2977 ,
191 2947 193 2953 ·
226 2933 295 3006 que
314 2906 462 2993 servare,
486 2932 599 2998 neque
617 2930 845 2997 procurrere,
866 2907 904 2979 &
919 2905 1032 2979 casum
1048 2904 1182 2991 subire,
1207 2925 1267 2981 tu-

227 3028 304 3077 tum
321 3005 515 3102 videbatur.
541 3004 710 3077 Hostium
726 3004 836 3102 copiae
852 3001 1033 3097 summissis
1047 3001 1092 3076 ab
1109 3025 1191 3103 rege
1206 3027 1269 3078 au·

180 3129 201 3215 7
228 3102 318 3173 xiliis
334 3103 455 3178 crebro
471 3102 693 3202 augebantur.
716 3100 858 3176 Nostris
877 3101 966 3175 vires
979 3098 1270 3176 saffirudinedefi-

227 3199 370 3273 ciebant.
397 3201 498 3275 srmul
514 3203 556 3292 ii,
580 3201 641 3300 qui
659 3200 803 3275 vulnera
825 3217 1044 3296 acceperant,
1067 3221 1179 3295 neque
1195 3199 1269 3275 acie

227 3296 421 3392 excedere,
449 3323 562 3395 neque
585 3304 621 3371 in
646 3298 764 3373 locum
790 3317 905 3371 tutum
935 3293 1053 3370 reserri
1073 3312 1269 3394 poterant;

228 3396 325 3493 quod
343 3417 415 3471 tora
435 3395 521 3470 acies
544 3397 700 3490 equitatu
724 3395 875 3471 hostium
897 3392 1103 3468 circumdata
1127 3393 1269 3469 teneba-

181 3503 205 3584 8
229 3513 298 3567 tur.
340 3486 394 3568 Hi
411 3494 453 3569 de
479 3494 536 3568 sua
555 3493 660 3568 salute
684 3495 924 3594 desperantes,
947 3512 988 3566 ut
1002 3510 1160 3565 extremo
1183 3490 1268 3565 vitae

1179 3609 1271 3662 tem0.

264 3707 286 3742 r.
307 3699 386 3760 Atque
395 3693 427 3741 his
442 3692 549 3758 imperat,
566 3707 592 3742 ut
603 3690 727 3754 fimalario·
759 3690 822 3742 lium
832 3707 885 3742 non
894 3686 1004 3750 Saburra,
1020 3686 1065 3743 sed
1079 3684 1213 3759 tegilubae
1226 3698 1269 3745 at·

229 3774 256 3805 ne
269 3763 353 3810 timoris
366 3763 482 3821 paullatim
498 3763 595 3808 cedant]
612 3763 727 3823 Fronrinus
758 3758 857 3815 tribuit,
888 3761 987 3829 Davr'eq

227 3827 336 3896 Strateg.
351 3825 396 3881 lib.
416 3841 456 3878 11.
472 3840 528 3896 cap.
546 3840 570 3905 r.
585 3823 635 3877 hoe
649 3820 729 3880 mafi-
