2616 4462
151 217 241 342 Ι858
318 233 321 239 ’
449 244 928 338 Jos.Scnn1c.Er1sm

161 367 376 441 maniaceufis,
398 366 452 433 ubi
465 367 505 432 est
523 367 657 434 tribunal
672 366 867 435 Seneschalli.
895 367 968 434 Fuit
980 365 1116 457 quidem
1134 393 1199 460 part

157 474 213 538 uus
229 454 425 528 Comitatus,
446 453 495 516 sed
509 455 601 519 hodie
615 456 665 518 vix
682 455 834 519 memoria
849 455 987 538 superest.

200 544 305 611 Carae,
328 559 439 624 parvus
455 540 634 605 Comitatus
650 540 806 604 infinibus
822 540 1035 624 Bigerronum.
1121 588 1125 594 .

102 674 109 687 .
198 625 316 709 Estrac,
340 645 450 708 paruus
465 625 640 690 Comitatus
654 624 805 689 infinibus
821 626 1035 710 Bigerronum.

201 710 323 772 Aulum
338 708 519 796 oppidulum
536 710 566 772 in
586 710 728 792 Syrtibus
748 709 1006 793 Lapurdensrbus,
1030 730 1105 794 quas
1113 709 1194 773 Lan-

158 791 215 857 das
232 814 368 867 vocant,
390 795 474 858 dedit
489 816 600 861 nomen
616 794 804 877 amplissimo
822 797 982 877 Ducarui,
1005 795 1059 879 qui
1076 817 1193 858 memu-

157 879 205 941 ria
222 877 322 942 nostra
347 879 499 944 institutus
521 882 589 952 est,
613 881 801 963 compositus
817 902 853 946 ex
875 879 1076 945 mutilatione
1105 879 1192 946 Sene-

155 962 540 1048 schalliatusAgennensrs‚
558 965 813 1039 Armaniacensrs‚
834 971 867 1032 &
885 963 1069 1029 Vasatenfis.

207 1051 343 1131 Vaseoniae
367 1051 493 1136 proprie
515 1050 556 1116 est
580 1050 726 1136 quicquid
757 1051 930 1115 continetur
951 1050 1036 1113 intra
1062 1050 1195 1113 Garum-

121 1179 123 1183 ψ
155 1154 253 1204 nam,
275 1134 436 1216 Pyrenaeos
455 1155 597 1206 montes,
623 1141 656 1202 δι
674 1137 858 1200 Oceanumr
882 1134 964 1220 quod
977 1135 1069 1218 ·Julio
1092 1136 1193 1197 Casa·

155 1219 185 1282 ri
208 1220 239 1281 in
257 1221 488 1285 commentariis
505 1222 581 1284 belli
603 1221 719 1284 Gallici
736 1220 851 1285 dicitur
874 1219 1051 1304 Aquitania.
1096 1219 1191 1283 Dida

153 1302 197 1369 est
213 1305 401 1368 Vasconiaal
420 1307 612 1370 Vasconibus
635 1303 832 1369 ferociffimis.
852 1305 1069 1388 Pyteuarorum
1094 1324 1191 1387 popu·

152 1390 220 1462 lis,
249 1409 325 1472 quos
348 1390 482 1454 devidlos
506 1391 640 1474 primum
658 1388 677 1452 ὲ
695 1390 811 1472 Pipiuo
830 1434 839 1462 ,
860 1390 968 1454 deinde
988 1389 1005 1452 {a
1024 1389 1189 1452 Ludovico

155 1475 263 1536 Caroli
282 1474 389 1557 Magni
406 1474 473 1538 lilio
493 1477 507 1558 s
513 1477 567 1560 qui
583 1476 684 1559 postea
699 1475 797 1540 didius
813 1471 871 1538 fuit
887 1475 980 1553 Pius)
1007 1495 1075 1558 rege
1092 1474 1188 1557 Aqui-

153 1559 274 1630 tanis,
297 1559 327 1619 in
351 1560 442 1640 plana
464 1561 763 1644 Novempopulaniae
783 1556 932 1623 ’deduslos
954 1558 1059 1643 postea
1077 1550 1187 1621 nomm

153 1642 226 1706 huic
243 1642 360 1725 regioni
384 1643 492 1708 dedisse
517 1666 634 1709 certum
657 1643 706 1708 est.
753 1646 836 1709 Nam
864 1642 985 1708 fuerunt
1009 1664 1084 1726 pars
1110 1645 1190 1706 Can·

151 1728 347 1802 ramorum,
377 1749 454 1812 quos
479 1732 574 1794 etiam
599 1729 750 1812 hodieque
779 1729 910 1811 Hispani
941 1736 1104 1812 Vajcuenfa
1135 1747 1188 1790 vo-

152 1834 236 1877 cant.
277 1813 388 1898 ltaque
402 1837 467 1897 quae
487 1816 569 1896 prius
585 1816 687 1899 Regio
703 1814 720 1879 ὲ
740 1816 856 1878 Caesare
871 1812 1063 1897 Aquitania,
1086 1813 1188 1892 possea

150 1895 297 1963 &novem
318 1900 444 1982 populis
459 1900 750 1984 Novempopulania
765 1899 848 1963 disia
864 1939 874 1970 ‚
896 1919 930 1961 ea
947 1895 1106 1961 tandema
1124 1898 1186 1962 Va·

149 1984 295 2048 sconibus
310 1983 435 2048 devisiis
449 2029 460 2059 ,
484 1990 517 2050 δι
536 1986 567 2048 in
583 1983 682 2049 eamd
701 1984 914 2066 Pyrenaeorum
931 1984 1060 2046 saltibus
1075 1980 1189 2046 demis·

149 2069 188 2135 fis
206 2069 364 2133 Vasconia
379 2089 489 2133 vocata
509 2068 579 2134 fuir.
624 2071 675 2134 Est
692 2089 796 2132 autem
819 2070 912 2131 tertia
931 2089 1002 2150 pars
1016 2068 1131 2131 veteris
1147 2071 1188 2130 A·

147 2154 309 2236 quitaniae.
333 2154 418 2218 Nam
435 2155 605 2238 Aquitania
622 2153 661 2217 ab
675 2154 809 2237 Augullo
827 2153 940 2235 triplex
959 2153 1100 2216 instituta
1118 2149 1186 2221 fuit.

147 2239 285 2312 Prima,
308 2238 390 2320 cujus
413 2260 507 2322 caput
527 2245 560 2305 δε
580 2239 768 2323 Metropolis
793 2239 944 2320 Bituriges
968 2235 1076 2309 Cubi,
1102 2242 1189 2300 Bour-

143 2347 201 2408 ges.
233 2321 373 2388 Secunda
390 2326 418 2385 A
444 2325 558 2388 uitania
576 2369 585 2397 ,
610 2325 764 2409 Bituriges
780 2323 920 2395 Vibisci,
942 2321 1027 2403 cujus
1040 2341 1140 2404 caput
1156 2327 1188 2388 δι

144 2407 336 2489 Metropolis
359 2345 537 2493 Buriegala.
568 2409 678 2472 Tertia
695 2408 861 2494 Aquitania
880 2450 891 2480 ,
912 2425 979 2470 tota
996 2407 1188 2470 Trans-Ga-

145 2512 295 2556 rumnam
306 2492 406 2574 ‚cujus
418 2494 605 2577 Metropolis
616 2495 748 2578 Augusta
758 2494 947 2565 Auscorum,
969 2491 1065 2573 vulgo
1076 2491 1187 2554 Aucbs:

146 2598 214 2662 quae
232 2577 392 2661 provincia
410 2621 419 2649 ‚
443 2599 475 2641 ut
493 2578 648 2653 diximus,
670 2578 709 2641 ab
725 2577 848 2661 Augusti
865 2575 1060 2660 temporibus
1074 2573 1119 2637 ad
1137 2576 1189 2641 Pi·

78 2663 82 2668 ’
146 2661 252 2746 pinum
266 2683 378 2736 vocata
392 2659 451 2725 fuit
468 2661 765 2748 Novempopulania.
787 2660 930 2744 &Pipiuo
945 2659 984 2725 ad
999 2661 1081 2724 hunc
1093 2663 1187 2745 usque

144 2748 230 2813 diem
247 2746 413 2812 Vasconis.

186 2838 312 2896 Guienna
330 2833 530 2915 depravatum
549 2831 673 2918 quidem
688 2851 799 2896 nomen
821 2829 913 2893 estex
929 2829 1103 2914 Aquitania
1119 2870 1130 2903 ‚
1153 2846 1186 2892 ut

145 2938 195 2986 res
215 2919 281 2999 ipsa
301 2918 437 3003 loquitur
457 2941 466 2982 z
488 2917 537 2982 sed
559 2940 594 2982 et
612 2939 675 3003 quo
700 2936 842 3000 tempore
861 2915 963 2998 Reges
983 2914 1108 2998 Angliae
1135 2933 1186 2998 per

145 3003 331 3068 affinitatem
354 3003 544 3067 Francorum
572 3024 675 3088 regum
703 3000 822 3068 fuerunt
848 2999 980 3063 Domini
1004 2999 1184 3070 Guiennae,

145 3088 369 3172 angustioribus
388 3088 497 3152 linibus
520 3087 723 3152 determinata
748 3086 815 3158 ell,
844 3105 936 3169 quam
960 3081 1050 3145 olim.
1096 3083 1185 3146 Nam

144 3173 278 3236 Arverni
294 3218 304 3246 ‚
322 3172 507 3258 Riturigium
531 3172 677 3254 (Berrp),
700 3180 753 3239 &c
788 3169 889 3234 seclusi
905 3167 1026 3232 fuerunt
1044 3185 1136 3232 extra
1151 3167 1184 3230 li·

144 3276 199 3320 nes
214 3258 385 3325 Guiennaee
415 3279 480 3344 qua
505 3257 673 3343 incipiebat
696 3259 714 3323 ὲ
738 3254 966 3319 Confluentibus
990 3251 1124 3316 Viennae
1150 3257 1184 3318 δε

144 3342 247 3405 Crosae
271 3342 431 3407 fluminum
453 3342 491 3407 ad
522 3342 713 3415 Oceanum,
745 3342 934 3424 Pyrenaeos„
960 3337 1099 3400 Tarnim
1127 3335 1184 3400 iiu-

143 3447 238 3502 men,
260 3431 294 3492 dr
311 3448 432 3492 montes
446 3430 664 3494 Arvernorum.
708 3430 816 3508 ltaque
852 3445 921 3489 uum
938 3420 1106 3488 Edoardus
1124 3439 1186 3484 ter·

144 3513 231 3584 tius,
253 3513 376 3576 nomine
405 3514 604 3596 Aquitaniae,
633 3512 810 3595 homagium
829 3447 948 3574 iaceret
975 3506 1058 3589 Regi
1079 3505 1184 3570 Fran·

144 3596 220 3667 cire,
241 3597 294 3660 has
311 3594 524 3681 praesedimus,
545 3599 602 3661 srve
616 3594 860 3665 Seneschallias‚
883 3592 1072 3657 nominatim
1089 3612 1185 3654 com·

76 3758 77 3763 γ
143 3681 317 3771 prehendit.
359 3683 450 3746 Citra
467 3683 683 3756 Garumnam,
705 3679 882 3744 Pislonium
899 3677 1120 3763 amplissimam
1139 3697 1185 3739 re-

141 3771 268 3858 gionem
288 3811 299 3846 ,
320 3767 537 3847 Xantonium,
561 3766 843 3845 Eucholismenses,
868 3763 1100 3840 Lemouicum,
1124 3761 1185 3825 Pe·

311 3885 312 3888 ’
1111 3863 1185 3923 trus
