2616 4462
220 290 227 304 .,
268 224 331 294 'ou
354 220 519 293 Brenno
539 214 716 292 C'rtrrnr
740 215 844 291 Lin.
869 214 934 294 ΠΙ.
1056 212 1136 323 589'

98 337 225 432 strata,
249 364 414 440 magnum
439 342 573 443 argenti
589 343 725 441 pondus
741 339 966 441 expositum,
988 341 1148 432 recenti-—
1175 429 1177 432 y
1221 337 1224 347 ’

59 472 72 497 ι
99 437 164 514 bus
178 438 362 536 cespitibus
376 439 592 514 tabernacula
609 439 792 524 constrata,
815 438 861 512 L.
879 439 982 512 etiarn
998 440 1135 515 Lentu·

99 535 145 629 li,
170 539 208 613 &
226 536 479 612 nonnullorum
497 536 713 611 tabernacula
730 535 886 635 protetta
900 535 1021 624 edera,
1043 537 1136 612 mul-

98 652 203 733 taque
228 655 391 732 praeterea
407 693 418 726 ‚
442 660 522 734 quae
545 633 684 716 nimiam
701 633 901 725 luxuriam,
924 634 962 707 δι
979 629 1140 707 vidioriae

96 730 261 807 fiduciam
280 730 496 830 designarent
513 759 524 815 3
549 752 588 805 ut
606 728 701 805 facile
718 730 874 805 aestimari
891 728 1024 828 poss‘et,
1048 727 1137 803 nihil

95 852 156 904 eos
178 830 221 903 de
236 847 367 902 eventu
395 829 467 902 e‘u's
490 829 556 903 diei
574 829 723 902 timuisse
741 886 752 918 ‚
777 829 840 927 qui
857 852 929 901 non
945 825 1136 900 neceffarias

96 927 344 1025 conquirerent
361 951 406 999 vo
424 947 577 1021 uptates,
592 947 694 1025 atque
711 925 734 997 ii
744 924 934 998 miserrimo
949 948 986 997 ac
1003 923 1132 1022 patien·
1156 922 1183 992 2'

97 1023 224 1097 tiffimo
246 1024 413 1096 exercitui
440 1024 584 1097 Caesaris
607 1023 780 1098 luxuriem
811 1021 1046 1119 objiciebant,
1077 1020 1134 1094 cui

96 1119 229 1217 semper
243 1120 409 1195 omniaad
434 1121 683 1194 1necellarium
695 1120 794 1193 usum
807 1119 1001 1192 defuissent.
1025 1119 1132 1192 Porn-
1159 1124 1184 1208 3

98 1217 195 1315 pejus
206 1218 275 1315 jam
291 1275 301 1304 ,
327 1242 438 1316 quum
456 1219 543 1294 intra
566 1218 696 1291 vallum
715 1217 821 1290 nostri
838 1218 1073 1299 versarentur,
1096 1239 1132 1288 e·

97 1338 207 1412 quum
225 1313 361 1401 nudius,
377 1317 534 1389 detradiis
550 1315 740 1415 insignibus
757 1308 988 1411 imperaturis,
1013 1314 1134 1385 Detu-

10 1492 19 1497 ,
95 1436 193 1485 mana
209 1433 308 1508 porta
326 1413 358 1486 se
372 1438 415 1486 ex
432 1413 545 1487 castris
560 1414 680 1511 ejecit3
705 1411 930 1511 protinusque
945 1433 1037 1506 equo
1049 1407 1132 1483 cita-

93 1528 133 1581 to
150 1509 314 1584 Lariffam
331 1510 521 1585 contendit.
544 1535 656 1608 neque
671 1509 718 1583 ibi
741 1509 917 1599 constitit,
942 1506 1128 1580 sedeadem
1151 1516 1183 1612 4'

94 1605 264 1682 celeritate
280 1632 407 1706 paucos
414 1609 553 1682 suorum
569 1632 613 1681 ex
621 1607 703 1706 fuga
718 1606 836 1680 nattes
850 1663 862 1697 ,
886 1604 1059 1678 noclurno
1073 1603 1133 1676 iti-

95 1728 176 1778 nere
199 1729 270 1778 non
287 1701 474 1778 intermillo
495 1762 505 1796 ‚
529 1706 698 1779 comitatu
714 1705 870 1802 equitum
889 1726 963 1775 xxx
980 1703 1020 1775 ad
1038 1723 1133 1774 mare

94 1802 276 1898 pervenit,
299 1827 492 1902 navemque
510 1802 771 1877 frumentariam
788 1799 1004 1884 conscendit;
1020 1798 1134 1894 saepe,
1210 1832 1217 1849 ·

88 1919 137 1971 -ut
151 1898 347 1992 dicebatur,
370 1926 533 1999 querens,
552 1920 687 1973 tantum
700 1901 732 1974 se
747 1899 945 1997 opinionem
960 1893 1129 1984 fefelliss'e,

54 2006 57 2011 '
73 2027 77 2031 ·
94 2016 136 2069 ut
152 1995 171 2068 d
190 2022 261 2095 quo
280 2019 407 2096 genere
425 1998 606 2072 hominum
626 1997 806 2070 vidioriam
821 1992 975 2092 sperasset
993 2049 1004 2083 ,
1022 1990 1065 2064 ab
1083 2016 1146 2065 eo2

93 2091 193 2166 initio
211 2094 246 2167 fu
275 2122 304 2169 ae
317 2096 428 2185 ladio,
446 2120 532 2193 pene
546 2094 703 2193 proditus
722 2094 906 2169 videretur.
928 2126 941 2143 ··

138 2119 300 2268 xCVlr.
325 2193 440 2267 Caesar
449 2192 561 2266 castris
576 2191 912 2301 potitusimilitibus
926 2184 1123 2268 contendit,
1152 2223 1169 2272 1

92 2313 135 2362 ne
158 2290 193 2387 in
213 2291 327 2387 praeda
349 2291 507 2387 occupati
525 2289 647 2387 reliqui
667 2290 797 2389 negotii
822 2288 961 2388 gerendi
983 2284 1124 2359 faculta-

92 2406 162 2460 tem
187 2387 409 2461 dimitterent.
453 2387 535 2485 Qua
558 2411 593 2459 re
616 2387 821 2484 impetrata,
846 2407 1001 2461 montem
1019 2407 1122 2480 opere
1145 2418 1174 2468 2

91 2484 340 2578 circumvenire
355 2485 514 2560 instituit.
539 2485 757 2580 Pompeiani,
782 2485 875 2581 quod
895 2484 922 2557 is
937 2509 1035 2556 mons
1051 2501 1123 2554 eret

92 2577 163 2652 sine
173 2605 274 2678 aqua,
299 2581 437 2656 diffifiei
453 2582 553 2670 loco,
570 2581 690 2655 renero
708 2602 845 2671 monte,
869 2601 886 2633 ²
905 2579 1051 2655 unirerfi
1063 2579 1122 2676 ju·

90 2677 137 2752 ris
146 2679 219 2778 ejus
231 2679 394 2755 Lurillam
410 2679 526 2757 versus
539 2680 572 2754 se
580 2680 728 2779 recipere
744 2699 938 2779 coeperunt.
962 2698 974 2738 ³
994 2679 1124 2784 Quare

120 2802 126 2824 ·
1049 2797 1122 2844 arn·

10 2882 14 2889 '
88 2878 190 2937 hedera,
214 2875 269 2928 sunt
285 2878 356 2945 topia
373 2915 381 2938 ,
397 2894 502 2946 quotum
516 2881 542 2930 δι
557 2873 587 2929 ln
622 2880 699 2928 ordinis
715 2885 759 2941 ejus
774 2876 790 2927 ei
806 2883 904 2942 Pompeio
918 2885 1056 2939 evocantur>
1077 2868 1122 2920 etri

86 2946 218 3008 spartiano
234 2948 339 2997 mentio.
357 2951 390 2997 Ut
407 2949 490 2996 nullus
508 2945 588 2995 ambi·
623 2948 788 3012 Pompeianos
811 2944 958 3010 intelligit,
983 2954 1042 2988 nam
1059 2950 1123 2986 eave

105 3024 147 3060 am
164 3010 304 3062 &Caesaris
322 3015 348 3063 δι
363 3013 487 3078 Spartiani
504 3013 588 3061 locum
622 3027 653 3061 ne
669 3012 700 3062 de
716 3025 773 3062 toto
787 3017 878 3061 senatu
893 3009 919 3058 id
936 3007 1122 3072 distumputet.

26 3086 32 3098 ·
86 3024 240 3128 ianiffimum
256 3076 313 3129 effe.
347 3085 381 3130 D,
402 3079 489 3139 Voffius.
620 3077 671 3128 Etsi
695 3092 820 3144 exponere
833 3074 933 3143 pollis,
956 3073 1060 3124 univerli
1077 3069 1122 3136 qui

122 3157 143 3193 r.
162 3146 207 3192 Aa
221 3148 358 3208 neceffarium
374 3147 454 3205 asum]
470 3143 588 3194 Palaead
620 3146 648 3194 in
665 3144 755 3196 ordine
770 3144 900 3193 Senatorio
916 3141 1031 3192 faverent
1046 3138 1122 3189 Pom·-

85 3210 224 3269 trereffarr'um
239 3216 333 3262 vidium.
347 3210 434 3260 Reste.
461 3209 585 3271 D.Voffius.
621 3214 688 3275 pejo.
713 3215 746 3260 Et
763 3207 814 3259 hoc
828 3209 921 3258 caetetis
936 3204 1050 3273 ptaefeto.
1084 3210 1120 3252 11.

121 3291 144 3322 2.
160 3280 331 3338 Univerfijurie
348 3281 393 3337 ejus
409 3277 519 3335 Lariffam
534 3293 586 3324 ver-
623 3277 707 3340 Voffiru.
858 3306 861 3310 ·
959 3304 961 3308 >

81 3337 153 3398 surse
169 3347 270 3406 recipere]
288 3346 325 3394 sie
343 3357 443 3407 quoque
452 3344 539 3391 Petdv.
548 3343 587 3391 ni·
656 3362 680 3401 3.
697 3345 751 3406 Qu
760 3360 783 3392 re
800 3341 968 3403 animadversa]
985 3339 1126 3388 MSS.Nrr-'

86 3411 220 3480 iiquodse
233 3421 261 3470 in
277 3437 308 3470 ρο
325 3417 396 3469 abfit.
416 3419 543 3467 palatinus
559 3412 587 3464 ei
622 3413 664 3459 vic.
687 3407 806 3459 &triane
832 3403 1008 3472 repraesentant
1027 3420 1071 3468 qua
1082 3404 1125 3473 spe
1165 3424 1169 3429 ·

81 3483 141 3541 para
148 3487 192 3543 ejus
199 3487 304 3538 omittit.
322 3482 586 3536 Locusemntisten-
621 3476 773 3535 animadversa
789 3509 797 3532 ‚
813 3473 969 3538 aaronque
984 3470 1123 3520 rectionem

84 3558 162 3596 tatus.
187 3554 315 3602 Manutius
331 3556 385 3601 veris
401 3555 458 3615 equis
474 3549 586 3616 legebat,
622 3543 650 3592 in
660 3542 760 3610 optimo·
775 3539 992 3595 Codice‘invenit,
1008 3546 1123 3610 receptas·

82 3613 210 3664 Victorius
223 3633 266 3683 pet
276 3620 336 3680 juris
350 3623 395 3678 ejas
410 3616 533 3683 intelligit
551 3616 588 3665 vi·
624 3625 673 3675 que
698 3607 780 3657 multo
801 3605 986 3681 elegantiorem
1002 3600 1123 3666 ludlfflm

81 3677 157 3738 ἃοε,
172 3695 221 3747 ego
229 3684 404 3750 Pompeianos.
424 3681 496 3733 Dixit
513 3682 588 3732 initio
625 3682 672 3726 Per.
692 3675 862 3722 Wtioriusvar.
873 3670 942 3749 Led:
958 3668 1003 3718 lib.
1016 3683 1054 3717 rx.
1065 3680 1124 3751 etp»

85 3754 111 3805 1·
128 3744 162 3802 tle
181 3751 256 3808 Bello
273 3752 344 3810 civili
360 3745 444 3822 §esar
462 3765 473 3823 ᾗ
494 3749 592 3823 eareat
625 3767 700 3817 tute.
717 3749 760 3812 uti
777 3749 868 3820 quippe
885 3744 986 3804 videtui
999 3735 1132 3864 elfego&
1175 3781 1176 3785 ,
1211 3742 1214 3747 '
