2616 4462
227 280 304 355 620
463 276 1079 359 'tl-Hrnrrr'Commnnr.

225 421 294 477 tam
316 399 552 498 reliquerunt,
564 405 600 477 &
612 428 738 504 magno
749 406 848 478 cursu
865 405 993 479 incitati
1009 405 1050 476 ad
1067 425 1168 476 naves
1178 408 1263 478 conl

173 493 202 567 6
226 499 430 571 tenderunt:
457 525 607 597 quorum
624 527 698 599 pars
716 505 889 597 proximas
906 502 1001 575 nacta
1017 525 1119 574 naves
1139 501 1260 573 multi·

222 595 345 667 tudine
366 598 547 670 hominum
567 620 670 696 atque
697 625 802 675 onere
828 601 978 698 depressa
994 599 1063 684 est3
1088 623 1162 694 pars
1179 597 1260 670 refi-

222 690 312 763 stens
338 693 375 766 &
395 694 585 783 dubitans,
609 697 695 792 quid
712 699 793 770 ell'et
812 698 1017 794 capiendum
1037 695 1192 780 confilii,
1218 694 1261 767 ab

174 801 198 880 7
223 789 466 863 Alexandrinis
484 791 735 891 interfqelaest:
754 795 914 866 nonnulli
925 792 1187 866 felicioreexitu
1197 817 1260 865 ex-

218 886 349 982 peditas
357 889 397 959 ad
409 890 591 962 anchoram
606 915 707 965 naves
716 893 887 965 consecuti
902 891 1092 963 incolumes
1107 888 1260 961 disceffe-

153 1061 156 1068 ,
219 1005 324 1056 runt:
350 986 449 1082 pauci
466 987 600 1059 allevati
620 988 743 1078 scutis,
767 990 926 1063 &animo
941 990 982 1061 ad
998 988 1194 1061 conandum
1204 986 1260 1059 ni·

219 1079 278 1166 xi,
298 1081 338 1151 ad
360 1082 517 1177 proxima
536 1085 671 1183 navigia
682 1086 896 1160 adnotarunt.

167 1200 192 1275 2¹
230 1254 242 1277 ,
265 1177 371 1250 XXI.
383 1179 517 1265 Caesar,
534 1185 647 1279 quoad
662 1184 776 1279 potuit
787 1181 1019 1275 ,cohortando
1031 1182 1107 1254 suos
1115 1181 1155 1252 ad
1169 1204 1258 1279 pon·

219 1290 290 1344 tem
305 1275 341 1347 δε
352 1276 562 1351 munitiones
578 1281 804 1372 contendere,
827 1280 950 1354 eodem
962 1281 996 1351 in
1013 1278 1168 1375 periculo
1180 1303 1259 1351 ver-

219 1369 308 1443 satus
323 1370 393 1459 est,
416 1375 792 1472 postquamoniversos
809 1378 928 1450 cedere
943 1375 1203 1469 animadvertit,
1220 1376 1257 1447 in

168 1493 197 1564 ρ,
220 1464 320 1540 suum
338 1471 515 1570 navigium
535 1472 568 1546 se
589 1475 719 1570 recepit
740 1500 749 1546 ε
775 1498 847 1571 quo
863 1474 1053 1547 multitudo
1072 1473 1256 1545 hominum

125 1616 131 1627 .
217 1562 367 1638 insecuta
383 1591 492 1662 quum
510 1569 735 1666 irrumperet,
753 1596 867 1670 neque
878 1570 1133 1655 administrandi
1143 1593 1256 1666 neque

208 1661 404 1756 >repellendi
421 1662 440 1736 d
456 1685 545 1738 terra
559 1666 699 1740 facultas
717 1669 876 1757 daretur,
894 1667 992 1758 fore,
1012 1667 1105 1764 quod
1118 1666 1255 1755 accidit,

184 1781 189 1800 ¹
217 1755 423 1857 suspicatus,
449 1779 459 1814 ¹
479 1761 547 1836 sese
559 1789 602 1837 ex
618 1765 757 1866 navigio
768 1766 890 1862 ejecit,
913 1788 1016 1863 atque
1025 1764 1066 1835 ad
1082 1789 1157 1853 eas,
1174 1787 1256 1858 quae

168 1881 192 1965 3
220 1853 358 1955 longius
376 1857 621 1945 constiterant,
647 1887 747 1935 naves
761 1856 1057 1937 adnatavitt'hine
1073 1858 1138 1932 suis
1159 1860 1256 1933 labo·

218 1952 371 2026 rantibus
393 1954 542 2030 subfidio
560 1960 694 2052 scaphas
711 1959 850 2034 mittens
873 1959 1060 2033 nonnullos
1076 1955 1255 2030 conserva-

217 2049 281 2123 vit.
318 2050 513 2152 Navigium
537 2054 680 2151 quidem
695 2058 793 2151 ejus,
819 2057 1042 2131 multitudine
1059 2054 1253 2152 depress'um

166 2176 192 2255 4
217 2146 399 2239 militum,
430 2174 499 2223 una
525 2175 605 2224 curn
625 2153 822 2227 hominibus
844 2154 987 2228 interiit.
1022 2153 1105 2224 Hoc
1124 2153 1253 2249 proelio

189 2290 201 2307 .·
216 2243 394 2320 desiderati
415 2248 493 2321 sunt
510 2273 554 2321 ex
573 2274 717 2323 numero
735 2250 1003 2351 legionariorum
1021 2249 1170 2323 militum
1187 2250 1253 2321 cir-

216 2340 400 2438 citeron,
425 2348 462 2419 ὅ(
486 2347 604 2445 paullo
629 2348 718 2421 ultra
736 2375 816 2423 eum
842 2372 1028 2421 numerum
1045 2346 1194 2418 classiarii
1213 2348 1251 2421 &

126 2442 145 2449 ’“
166 2463 191 2544 5
216 2439 377 2540 remiges.
417 2443 644 2517 Alexandrini
666 2471 710 2518 eo
729 2445 809 2520 loeo
825 2445 1154 2541 castellummagois
1174 2469 1253 2516 mu-

122 2619 128 2633 ,
213 2536 600 2636 nitionibusmultisque
616 2543 796 2614 tormentis
805 2542 1121 2632 confirmaverunt,
1136 2562 1251 2638 atque,

212 2634 335 2732 egestis
351 2662 395 2709 ex
407 2639 490 2711 mari
502 2638 691 2735 lapidibus,
715 2639 824 2712 libere
835 2638 913 2714 sunt
928 2639 976 2714 uli
989 2637 1104 2739 postea
1118 2639 1158 2711 ad
1170 2639 1251 2713 mit·

213 2734 318 2806 tenda
335 2733 480 2828 navigia.

169 2865 185 2912 1
259 2830 386 2907 XXII.
412 2830 712 2907 Hocdetrimento
725 2833 848 2908 milites
865 2834 970 2908 nostri
983 2853 1116 2907 tantum
1128 2829 1252 2902 abfue-

212 2949 296 3001 runt
314 2950 352 3003 ut
368 2928 671 3026 perturbarentur,
688 2951 729 3004 ut
743 2931 868 3006 incensi
879 2934 994 3043 potius
1006 2951 1108 3025 atque
1119 2925 1252 2995 incitati

211 3047 352 3122 magnas
368 3024 566 3099 acceffiones
581 3027 728 3102 fecerint
739 3030 775 3103 in
792 3031 955 3128 operibus
971 3027 1119 3099 hostium
1136 3044 1250 3109 expu-

162 3151 189 3202 2
213 3122 377 3216 gnandis,
401 3123 434 3195 in
456 3123 587 3221 proeliis
603 3127 810 3222 quotidianis
831 3183 843 3219 ,
867 3123 1159 3223 quandocumque
1178 3115 1251 3192 fors

215 3215 390 3294 obtulerat
406 3224 740 3318 procurrentibus&
764 3217 1026 3319 erumpentibus
1043 3214 1252 3289 Alexandri·

214 3312 269 3387 nis
285 3315 338 3363 *h
363 3337 377 3373 2
397 3343 534 3391 manum
560 3321 805 3421 comprehendi
827 3308 976 3392 multum
995 3313 1186 3414 operibus,
1210 3313 1249 3386 ὃ(

1195 3432 1249 3479 ar-

103 3562 105 3567 ,
248 3524 271 3559 1.
284 3511 340 3572 ¹Sese
356 3531 382 3559 ex
402 3517 489 3577 navigio
503 3518 577 3568 eiecir'l
596 3518 709 3563 Suetonius
740 3515 800 3561 Dion
811 3509 856 3563 lib.
868 3528 934 3563 1111.
950 3524 1010 3579 pag.
1027 3527 1085 3570 204.
1103 3523 1133 3557 ac
1152 3511 1246 3568 ‹Allia-

210 3575 261 3642 Jul.
271 3590 325 3640 cap.
338 3594 409 3628 rxrv.
418 3579 513 3637 tradit,
532 3578 655 3630 Caesarem
665 3595 709 3644 pet
741 3597 780 3627 nus
798 3577 843 3628 lib.
856 3594 895 3628 11.
914 3584 939 3628 B.
950 3582 981 3628 C.
1000 3592 1058 3643 pag.
1075 3585 1134 3636 484.
1151 3570 1247 3621 vestem

209 3641 332 3691 ducentos
348 3641 613 3710 palsusnatalleelata
626 3647 707 3704 laeva,
741 3643 771 3694 ab
795 3642 975 3695 Alexandrinis
1001 3645 1193 3706 interceptam,
1218 3640 1246 3688 δι

205 3723 239 3760 oe
248 3705 350 3767 libelli,
367 3724 430 3774 quos
438 3709 541 3761 tenebat
550 3726 627 3760 manu
636 3747 643 3768 ‚
653 3725 707 3759 ma·
740 3711 798 3761 loco
807 3711 912 3776 trophei
917 3706 1063 3778 suspensam
1072 3743 1080 3766 ‚
1089 3715 1247 3755 memorant·

205 3773 344 3832 deflerent,
361 3774 543 3840 paludamento
551 3774 708 3842 insupertra-
740 3779 858 3841 Glandorp.
1233 3787 1236 3791 “

203 3841 264 3905 oo,
280 3837 403 3911 aespouo
416 3843 538 3912 potiretur
552 3842 639 3899 hostis.
655 3841 707 3898 Edi
744 3884 747 3892 .
771 3861 796 3900 2.
813 3847 909 3897 murm
929 3838 1074 3909 conprehendi
1090 3838 1187 3891 malrum
1190 3845 1259 3950 'qq-s
