<?xml version="1.0" encoding="UTF-8"?>
<!DOCTYPE html PUBLIC "-//W3C//DTD XHTML 1.0 Transitional//EN"
    "http://www.w3.org/TR/xhtml1/DTD/xhtml1-transitional.dtd">
<html xmlns="http://www.w3.org/1999/xhtml" xml:lang="en" lang="en">
 <head>
  <title>
</title>
<meta http-equiv="Content-Type" content="text/html;charset=utf-8" />
  <meta name='ocr-system' content='tesseract 3.04.00' />
  <meta name='ocr-capabilities' content='ocr_page ocr_carea ocr_par ocr_line ocrx_word'/>
</head>
<body>
  <div class='ocr_page' id='page_1' title='image "./ciuliuscaesarcu00petrgoog/ciuliuscaesarcu00petrgoog_0341.png"; bbox 0 0 2616 4462; ppageno 0'>
   <div class='ocr_carea' id='block_1_1' title="bbox 105 237 1082 355">
    <p class='ocr_par' dir='ltr' id='par_1_1' title="bbox 105 237 1082 355">
     <span class='ocr_line' id='line_1_1' title="bbox 105 237 1082 355; baseline -0.003 -34"><span class='ocrx_word' id='word_1_1' title='bbox 105 238 110 252; x_wconf 56' lang='lat'>⁴</span> <span class='ocrx_word' id='word_1_2' title='bbox 218 248 300 355; x_wconf 63' lang='lat'>“718</span> <span class='ocrx_word' id='word_1_3' title='bbox 455 237 1082 318; x_wconf 77' lang='lat' dir='ltr'>il.H1nrrrCotrnurtr.</span> 
     </span>
    </p>
   </div>
   <div class='ocr_carea' id='block_1_2' title="bbox 75 357 1278 3359">
    <p class='ocr_par' dir='ltr' id='par_1_2' title="bbox 75 357 1278 3359">
     <span class='ocr_line' id='line_1_2' title="bbox 220 357 1273 478; baseline -0.002 -37"><span class='ocrx_word' id='word_1_4' title='bbox 220 369 349 478; x_wconf 79' lang='lat' dir='ltr'>juguni</span> <span class='ocrx_word' id='word_1_5' title='bbox 368 365 406 443; x_wconf 87' lang='lat'>&amp;</span> <span class='ocrx_word' id='word_1_6' title='bbox 424 364 570 448; x_wconf 89' lang='lat' dir='ltr'>collem,</span> <span class='ocrx_word' id='word_1_7' title='bbox 594 386 768 464; x_wconf 87' lang='lat' dir='ltr'>perquem</span> <span class='ocrx_word' id='word_1_8' title='bbox 785 361 902 436; x_wconf 82' lang='lat' dir='ltr'>Caesar</span> <span class='ocrx_word' id='word_1_9' title='bbox 917 363 1027 461; x_wconf 86' lang='lat' dir='ltr'>pridie</span> <span class='ocrx_word' id='word_1_10' title='bbox 1043 357 1273 460; x_wconf 71' lang='lat' dir='ltr'>iterfecerat}</span> 
     </span>
     <span class='ocr_line' id='line_1_3' title="bbox 226 459 1272 562; baseline 0 -24"><span class='ocrx_word' id='word_1_11' title='bbox 226 464 275 538; x_wconf 88' lang='lat' dir='ltr'>ibr</span> <span class='ocrx_word' id='word_1_12' title='bbox 291 465 396 539; x_wconf 81' lang='lat' dir='ltr'>castra</span> <span class='ocrx_word' id='word_1_13' title='bbox 413 465 557 538; x_wconf 87' lang='lat' dir='ltr'>duarum</span> <span class='ocrx_word' id='word_1_14' title='bbox 574 462 754 562; x_wconf 88' lang='lat' dir='ltr'>legionum</span> <span class='ocrx_word' id='word_1_15' title='bbox 769 459 874 545; x_wconf 85' lang='lat' dir='ltr'>facit;</span> <span class='ocrx_word' id='word_1_16' title='bbox 900 479 1002 558; x_wconf 90' lang='lat' dir='ltr'>atque</span> <span class='ocrx_word' id='word_1_17' title='bbox 1021 461 1068 535; x_wconf 92' lang='lat' dir='ltr'>ibi</span> <span class='ocrx_word' id='word_1_18' title='bbox 1086 459 1160 559; x_wconf 91' lang='lat' dir='ltr'>ipse</span> <span class='ocrx_word' id='word_1_19' title='bbox 1178 486 1272 561; x_wconf 90' lang='lat' dir='ltr'>quo·</span> 
     </span>
     <span class='ocr_line' id='line_1_4' title="bbox 224 556 1271 661; baseline -0.011 -25"><span class='ocrx_word' id='word_1_20' title='bbox 224 563 309 636; x_wconf 89' lang='lat' dir='ltr'>tidie</span> <span class='ocrx_word' id='word_1_21' title='bbox 322 563 517 637; x_wconf 84' lang='lat' dir='ltr'>existimans</span> <span class='ocrx_word' id='word_1_22' title='bbox 524 559 697 633; x_wconf 85' lang='lat' dir='ltr'>Caesarem</span> <span class='ocrx_word' id='word_1_23' title='bbox 711 557 827 631; x_wconf 88' lang='lat' dir='ltr'>cadem</span> <span class='ocrx_word' id='word_1_24' title='bbox 839 556 928 656; x_wconf 89' lang='lat' dir='ltr'>saepe</span> <span class='ocrx_word' id='word_1_25' title='bbox 941 559 1179 634; x_wconf 84' lang='lat' dir='ltr'>frumentandi</span> <span class='ocrx_word' id='word_1_26' title='bbox 1190 583 1271 661; x_wconf 87' lang='lat' dir='ltr'>gra.</span> 
     </span>
     <span class='ocr_line' id='line_1_5' title="bbox 226 656 1269 758; baseline 0 -24"><span class='ocrx_word' id='word_1_27' title='bbox 226 658 273 734; x_wconf 87' lang='lat' dir='ltr'>tia</span> <span class='ocrx_word' id='word_1_28' title='bbox 290 682 564 735; x_wconf 85' lang='lat' dir='ltr'>comrneaturum</span> <span class='ocrx_word' id='word_1_29' title='bbox 576 714 588 748; x_wconf 93' lang='lat'>,</span> <span class='ocrx_word' id='word_1_30' title='bbox 599 678 816 757; x_wconf 85' lang='lat' dir='ltr'>cummagno</span> <span class='ocrx_word' id='word_1_31' title='bbox 829 657 987 755; x_wconf 87' lang='lat' dir='ltr'>equitatu</span> <span class='ocrx_word' id='word_1_32' title='bbox 999 656 1140 758; x_wconf 91' lang='lat' dir='ltr'>levique</span> <span class='ocrx_word' id='word_1_33' title='bbox 1155 682 1269 734; x_wconf 82' lang='lat' dir='ltr'>arma·</span> 
     </span>
     <span class='ocr_line' id='line_1_6' title="bbox 137 752 966 832; baseline -0.002 0"><span class='ocrx_word' id='word_1_34' title='bbox 137 771 145 785; x_wconf 83' lang='lat'>‘</span> <span class='ocrx_word' id='word_1_35' title='bbox 226 775 303 832; x_wconf 88' lang='lat' dir='ltr'>tura</span> <span class='ocrx_word' id='word_1_36' title='bbox 321 757 536 830; x_wconf 78' lang='lat' dir='ltr'>insidiaturus</span> <span class='ocrx_word' id='word_1_37' title='bbox 553 753 636 827; x_wconf 92' lang='lat' dir='ltr'>locis</span> <span class='ocrx_word' id='word_1_38' title='bbox 654 752 785 826; x_wconf 88' lang='lat' dir='ltr'>idoneis</span> <span class='ocrx_word' id='word_1_39' title='bbox 802 752 966 831; x_wconf 84' lang='lat' dir='ltr'>consedit.</span> 
     </span>
     <span class='ocr_line' id='line_1_7' title="bbox 179 847 1266 951; baseline 0.002 -25"><span class='ocrx_word' id='word_1_40' title='bbox 179 865 200 939; x_wconf 85' lang='lat'>&#39;1</span> <span class='ocrx_word' id='word_1_41' title='bbox 275 852 416 929; x_wconf 90' lang='lat' dir='ltr'>LXVI.</span> <span class='ocrx_word' id='word_1_42' title='bbox 442 851 557 926; x_wconf 86' lang='lat' dir='ltr'>Caesar</span> <span class='ocrx_word' id='word_1_43' title='bbox 570 850 707 924; x_wconf 90' lang='lat' dir='ltr'>interim</span> <span class='ocrx_word' id='word_1_44' title='bbox 722 851 765 924; x_wconf 91' lang='lat' dir='ltr'>de</span> <span class='ocrx_word' id='word_1_45' title='bbox 781 847 909 923; x_wconf 79' lang='lat' dir='ltr'>insidiis</span> <span class='ocrx_word' id='word_1_46' title='bbox 924 848 1070 923; x_wconf 87' lang='lat' dir='ltr'>Labieni</span> <span class='ocrx_word' id='word_1_47' title='bbox 1085 874 1130 923; x_wconf 84' lang='lat' dir='ltr'>ex</span> <span class='ocrx_word' id='word_1_48' title='bbox 1145 852 1266 951; x_wconf 86' lang='lat' dir='ltr'>perfu-</span> 
     </span>
     <span class='ocr_line' id='line_1_8' title="bbox 183 946 1266 1046; baseline 0.005 -24"><span class='ocrx_word' id='word_1_49' title='bbox 183 947 186 952; x_wconf 71' lang='grc'><strong>’</strong></span> <span class='ocrx_word' id='word_1_50' title='bbox 225 949 281 1046; x_wconf 83' lang='lat' dir='ltr'>gis</span> <span class='ocrx_word' id='word_1_51' title='bbox 299 952 424 1025; x_wconf 88' lang='lat' dir='ltr'>certior</span> <span class='ocrx_word' id='word_1_52' title='bbox 441 949 550 1023; x_wconf 71' lang='lat' dir='ltr'>fastus</span> <span class='ocrx_word' id='word_1_53' title='bbox 569 1005 579 1040; x_wconf 91' lang='lat'>,</span> <span class='ocrx_word' id='word_1_54' title='bbox 603 972 729 1046; x_wconf 89' lang='lat' dir='ltr'>paucos</span> <span class='ocrx_word' id='word_1_55' title='bbox 743 947 813 1020; x_wconf 88' lang='lat' dir='ltr'>dies</span> <span class='ocrx_word' id='word_1_56' title='bbox 829 946 875 1018; x_wconf 91' lang='lat' dir='ltr'>ibi</span> <span class='ocrx_word' id='word_1_57' title='bbox 892 966 1153 1040; x_wconf 81' lang='lat' dir='ltr'>commoratus,</span> <span class='ocrx_word' id='word_1_58' title='bbox 1180 952 1266 1027; x_wconf 88' lang='lat' dir='ltr'>dum</span> 
     </span>
     <span class='ocr_line' id='line_1_9' title="bbox 226 1043 1265 1154; baseline 0.003 -34"><span class='ocrx_word' id='word_1_59' title='bbox 226 1048 339 1122; x_wconf 91' lang='lat' dir='ltr'>hostes</span> <span class='ocrx_word' id='word_1_60' title='bbox 355 1047 556 1146; x_wconf 86' lang='lat' dir='ltr'>quotidiano</span> <span class='ocrx_word' id='word_1_61' title='bbox 573 1046 751 1135; x_wconf 85' lang='lat' dir='ltr'>instituto,</span> <span class='ocrx_word' id='word_1_62' title='bbox 774 1044 962 1154; x_wconf 85' lang='lat' dir='ltr'>saepeidem</span> <span class='ocrx_word' id='word_1_63' title='bbox 977 1043 1132 1118; x_wconf 87' lang='lat' dir='ltr'>faciendo</span> <span class='ocrx_word' id='word_1_64' title='bbox 1148 1047 1188 1120; x_wconf 94' lang='lat' dir='ltr'>in</span> <span class='ocrx_word' id='word_1_65' title='bbox 1207 1072 1265 1123; x_wconf 88' lang='lat' dir='ltr'>ne·</span> 
     </span>
     <span class='ocr_line' id='line_1_10' title="bbox 256 1140 1268 1244; baseline 0.005 -29"><span class='ocrx_word' id='word_1_66' title='bbox 256 1145 434 1244; x_wconf 85' lang='lat' dir='ltr'>ligentiam</span> <span class='ocrx_word' id='word_1_67' title='bbox 453 1145 725 1234; x_wconf 88' lang='lat' dir='ltr'>adducerentur,</span> <span class='ocrx_word' id='word_1_68' title='bbox 752 1140 868 1215; x_wconf 87' lang='lat' dir='ltr'>subrto</span> <span class='ocrx_word' id='word_1_69' title='bbox 883 1166 981 1215; x_wconf 87' lang='lat' dir='ltr'>mane</span> <span class='ocrx_word' id='word_1_70' title='bbox 997 1141 1142 1239; x_wconf 87' lang='lat' dir='ltr'>imperat</span> <span class='ocrx_word' id='word_1_71' title='bbox 1164 1165 1268 1242; x_wconf 86' lang='lat' dir='ltr'>porta</span> 
     </span>
     <span class='ocr_line' id='line_1_11' title="bbox 227 1168 1278 1344; baseline 0.004 -30"><span class='ocrx_word' id='word_1_72' title='bbox 227 1168 429 1316; x_wconf 50' lang='lat' dir='ltr'>becumana</span> <span class='ocrx_word' id='word_1_73' title='bbox 444 1238 636 1344; x_wconf 84' lang='lat' dir='ltr'>legionesse</span> <span class='ocrx_word' id='word_1_74' title='bbox 656 1265 724 1313; x_wconf 88' lang='lat' dir='ltr'>11x</span> <span class='ocrx_word' id='word_1_75' title='bbox 735 1259 910 1319; x_wconf 86' lang='lat' dir='ltr'>¹veteranas</span> <span class='ocrx_word' id='word_1_76' title='bbox 926 1264 1006 1314; x_wconf 87' lang='lat' dir='ltr'>curn</span> <span class='ocrx_word' id='word_1_77' title='bbox 1019 1259 1114 1336; x_wconf 88' lang='lat' dir='ltr'>parte</span> <span class='ocrx_word' id='word_1_78' title='bbox 1129 1243 1278 1340; x_wconf 58' lang='lat' dir='ltr'>equitas</span> 
     </span>
     <span class='ocr_line' id='line_1_12' title="bbox 177 1336 1261 1439; baseline 0.003 -27"><span class='ocrx_word' id='word_1_79' title='bbox 177 1346 205 1437; x_wconf 54' lang='grc' dir='ltr'>ξι</span> <span class='ocrx_word' id='word_1_80' title='bbox 228 1357 284 1413; x_wconf 86' lang='lat' dir='ltr'>tus</span> <span class='ocrx_word' id='word_1_81' title='bbox 301 1340 332 1415; x_wconf 88' lang='lat' dir='ltr'>se</span> <span class='ocrx_word' id='word_1_82' title='bbox 359 1342 416 1414; x_wconf 77' lang='lat' dir='ltr'>ui:</span> <span class='ocrx_word' id='word_1_83' title='bbox 441 1360 564 1439; x_wconf 90' lang='lat' dir='ltr'>atque,</span> <span class='ocrx_word' id='word_1_84' title='bbox 587 1337 760 1437; x_wconf 90' lang='lat' dir='ltr'>equitibus</span> <span class='ocrx_word' id='word_1_85' title='bbox 770 1336 964 1438; x_wconf 87' lang='lat' dir='ltr'>praemiffis,</span> <span class='ocrx_word' id='word_1_86' title='bbox 989 1360 1104 1435; x_wconf 85' lang='lat' dir='ltr'>neque</span> <span class='ocrx_word' id='word_1_87' title='bbox 1117 1341 1261 1436; x_wconf 87' lang='lat' dir='ltr'>opinan-</span> 
     </span>
     <span class='ocr_line' id='line_1_13' title="bbox 227 1365 1262 1512; baseline 0.002 -2"><span class='ocrx_word' id='word_1_88' title='bbox 227 1455 280 1510; x_wconf 86' lang='lat' dir='ltr'>tes</span> <span class='ocrx_word' id='word_1_89' title='bbox 292 1365 500 1512; x_wconf 77' lang='lat' dir='ltr'>insidiatores</span> <span class='ocrx_word' id='word_1_90' title='bbox 508 1435 622 1510; x_wconf 87' lang='lat' dir='ltr'>subito</span> <span class='ocrx_word' id='word_1_91' title='bbox 637 1435 673 1510; x_wconf 92' lang='lat' dir='ltr'>in</span> <span class='ocrx_word' id='word_1_92' title='bbox 688 1433 904 1511; x_wconf 90' lang='lat' dir='ltr'>convallibus</span> <span class='ocrx_word' id='word_1_93' title='bbox 918 1434 1059 1508; x_wconf 86' lang='lat' dir='ltr'>latentes</span> <span class='ocrx_word' id='word_1_94' title='bbox 1070 1433 1138 1506; x_wconf 91' lang='lat' dir='ltr'>levi</span> <span class='ocrx_word' id='word_1_95' title='bbox 1154 1460 1262 1511; x_wconf 88' lang='lat' dir='ltr'>arma·</span> 
     </span>
     <span class='ocr_line' id='line_1_14' title="bbox 227 1529 1260 1633; baseline 0.001 -24"><span class='ocrx_word' id='word_1_96' title='bbox 227 1552 305 1609; x_wconf 86' lang='lat' dir='ltr'>tura</span> <span class='ocrx_word' id='word_1_97' title='bbox 320 1536 471 1610; x_wconf 89' lang='lat' dir='ltr'>concidit</span> <span class='ocrx_word' id='word_1_98' title='bbox 486 1535 621 1608; x_wconf 88' lang='lat' dir='ltr'>circiter</span> <span class='ocrx_word' id='word_1_99' title='bbox 636 1558 677 1622; x_wconf 66' lang='grc' dir='ltr'>ιη</span> <span class='ocrx_word' id='word_1_100' title='bbox 694 1534 844 1633; x_wconf 87' lang='lat' dir='ltr'>reliquos</span> <span class='ocrx_word' id='word_1_101' title='bbox 857 1531 894 1605; x_wconf 90' lang='lat' dir='ltr'>in</span> <span class='ocrx_word' id='word_1_102' title='bbox 903 1529 1022 1632; x_wconf 87' lang='lat' dir='ltr'>fugam</span> <span class='ocrx_word' id='word_1_103' title='bbox 1035 1530 1260 1627; x_wconf 83' lang='lat' dir='ltr'>turpiffimat&#39;n</span> 
     </span>
     <span class='ocr_line' id='line_1_15' title="bbox 177 1628 1256 1730; baseline 0 -25"><span class='ocrx_word' id='word_1_104' title='bbox 177 1640 203 1730; x_wconf 84' lang='lat'>&#39;3</span> <span class='ocrx_word' id='word_1_105' title='bbox 228 1630 386 1729; x_wconf 86' lang='lat' dir='ltr'>conjecit.</span> <span class='ocrx_word' id='word_1_106' title='bbox 412 1632 554 1707; x_wconf 91' lang='lat' dir='ltr'>Interim</span> <span class='ocrx_word' id='word_1_107' title='bbox 570 1629 746 1707; x_wconf 87' lang='lat' dir='ltr'>Labienus</span> <span class='ocrx_word' id='word_1_108' title='bbox 760 1655 841 1706; x_wconf 90' lang='lat' dir='ltr'>cum</span> <span class='ocrx_word' id='word_1_109' title='bbox 858 1628 1018 1703; x_wconf 87' lang='lat' dir='ltr'>universo</span> <span class='ocrx_word' id='word_1_110' title='bbox 1029 1628 1187 1726; x_wconf 84' lang='lat' dir='ltr'>equitatu</span> <span class='ocrx_word' id='word_1_111' title='bbox 1202 1629 1256 1705; x_wconf 89' lang='lat' dir='ltr'>su·</span> 
     </span>
     <span class='ocr_line' id='line_1_16' title="bbox 226 1725 1259 1828; baseline 0.003 -28"><span class='ocrx_word' id='word_1_112' title='bbox 226 1727 401 1827; x_wconf 85' lang='lat' dir='ltr'>gientibus</span> <span class='ocrx_word' id='word_1_113' title='bbox 418 1730 483 1804; x_wconf 90' lang='lat' dir='ltr'>suis</span> <span class='ocrx_word' id='word_1_114' title='bbox 493 1727 660 1828; x_wconf 86' lang='lat' dir='ltr'>suppetias</span> <span class='ocrx_word' id='word_1_115' title='bbox 668 1729 829 1804; x_wconf 80' lang='lat' dir='ltr'>occurrit.</span> <span class='ocrx_word' id='word_1_116' title='bbox 852 1725 965 1826; x_wconf 90' lang='lat' dir='ltr'>Cujus</span> <span class='ocrx_word' id='word_1_117' title='bbox 975 1727 1046 1800; x_wconf 90' lang='lat' dir='ltr'>vim</span> <span class='ocrx_word' id='word_1_118' title='bbox 1065 1726 1259 1802; x_wconf 87' lang='lat' dir='ltr'>multitudi-</span> 
     </span>
     <span class='ocr_line' id='line_1_17' title="bbox 227 1821 1258 1925; baseline 0.005 -29"><span class='ocrx_word' id='word_1_119' title='bbox 227 1826 281 1899; x_wconf 90' lang='lat' dir='ltr'>nis</span> <span class='ocrx_word' id='word_1_120' title='bbox 304 1850 414 1925; x_wconf 90' lang='lat' dir='ltr'>quum</span> <span class='ocrx_word' id='word_1_121' title='bbox 436 1853 455 1901; x_wconf 89' lang='lat' dir='ltr'>e</span> <span class='ocrx_word' id='word_1_122' title='bbox 483 1829 570 1901; x_wconf 90' lang='lat' dir='ltr'>uites</span> <span class='ocrx_word' id='word_1_123' title='bbox 594 1826 692 1925; x_wconf 88' lang='lat' dir='ltr'>pauci</span> <span class='ocrx_word' id='word_1_124' title='bbox 714 1823 896 1902; x_wconf 85' lang='lat' dir='ltr'>Caesariani</span> <span class='ocrx_word' id='word_1_125' title='bbox 914 1824 984 1923; x_wconf 86' lang='lat' dir='ltr'>jam</span> <span class='ocrx_word' id='word_1_126' title='bbox 1009 1821 1173 1898; x_wconf 86' lang='lat' dir='ltr'>sustinere</span> <span class='ocrx_word' id='word_1_127' title='bbox 1189 1849 1258 1901; x_wconf 90' lang='lat' dir='ltr'>non</span> 
     </span>
     <span class='ocr_line' id='line_1_18' title="bbox 226 1852 1261 2022; baseline 0.001 -26"><span class='ocrx_word' id='word_1_128' title='bbox 226 1922 362 2022; x_wconf 84' lang='lat' dir='ltr'>possent</span> <span class='ocrx_word' id='word_1_129' title='bbox 374 1983 383 2014; x_wconf 91' lang='lat'>‚</span> <span class='ocrx_word' id='word_1_130' title='bbox 395 1852 695 1999; x_wconf 73' lang='lat' dir='ltr'>Caeiarinstruetas</span> <span class='ocrx_word' id='word_1_131' title='bbox 702 1922 854 2022; x_wconf 84' lang='lat' dir='ltr'>legiones</span> <span class='ocrx_word' id='word_1_132' title='bbox 863 1921 1013 1996; x_wconf 87' lang='lat' dir='ltr'>hostium</span> <span class='ocrx_word' id='word_1_133' title='bbox 1029 1921 1137 2018; x_wconf 90' lang='lat' dir='ltr'>copiis</span> <span class='ocrx_word' id='word_1_134' title='bbox 1146 1921 1261 1998; x_wconf 92' lang='lat' dir='ltr'>osten·</span> 
     </span>
     <span class='ocr_line' id='line_1_19' title="bbox 75 2019 1260 2131; baseline 0.001 -36"><span class='ocrx_word' id='word_1_135' title='bbox 75 2039 78 2045; x_wconf 79' lang='grc'>’</span> <span class='ocrx_word' id='word_1_136' title='bbox 176 2046 206 2131; x_wconf 84' lang='lat'>4</span> <span class='ocrx_word' id='word_1_137' title='bbox 228 2020 291 2096; x_wconf 91' lang='lat' dir='ltr'>dit.</span> <span class='ocrx_word' id='word_1_138' title='bbox 316 2021 401 2120; x_wconf 88' lang='lat' dir='ltr'>Quo</span> <span class='ocrx_word' id='word_1_139' title='bbox 415 2022 506 2097; x_wconf 71' lang='lat' dir='ltr'>fadto</span> <span class='ocrx_word' id='word_1_140' title='bbox 523 2021 705 2120; x_wconf 87' lang='lat' dir='ltr'>perterrito</span> <span class='ocrx_word' id='word_1_141' title='bbox 721 2019 894 2106; x_wconf 88' lang='lat' dir='ltr'>Labieno,</span> <span class='ocrx_word' id='word_1_142' title='bbox 918 2044 956 2093; x_wconf 87' lang='lat' dir='ltr'>ac</span> <span class='ocrx_word' id='word_1_143' title='bbox 973 2019 1163 2110; x_wconf 82' lang='lat' dir='ltr'>retardato,</span> <span class='ocrx_word' id='word_1_144' title='bbox 1183 2021 1260 2096; x_wconf 88' lang='lat' dir='ltr'>suos</span> 
     </span>
     <span class='ocr_line' id='line_1_20' title="bbox 226 2114 1259 2220; baseline -0.002 -25"><span class='ocrx_word' id='word_1_145' title='bbox 226 2119 357 2219; x_wconf 90' lang='lat' dir='ltr'>equites</span> <span class='ocrx_word' id='word_1_146' title='bbox 367 2121 494 2220; x_wconf 87' lang='lat' dir='ltr'>recepit</span> <span class='ocrx_word' id='word_1_147' title='bbox 507 2119 708 2194; x_wconf 88' lang='lat' dir='ltr'>incolumes.</span> <span class='ocrx_word' id='word_1_148' title='bbox 733 2133 744 2168; x_wconf 89' lang='lat'>¹</span> <span class='ocrx_word' id='word_1_149' title='bbox 764 2115 908 2191; x_wconf 89' lang='lat' dir='ltr'>Postero</span> <span class='ocrx_word' id='word_1_150' title='bbox 918 2115 972 2190; x_wconf 93' lang='lat' dir='ltr'>die</span> <span class='ocrx_word' id='word_1_151' title='bbox 984 2114 1259 2212; x_wconf 87' lang='lat' dir='ltr'>JubaNumidas</span> 
     </span>
     <span class='ocr_line' id='line_1_21' title="bbox 224 2211 1259 2316; baseline 0.001 -26"><span class='ocrx_word' id='word_1_152' title='bbox 224 2241 313 2308; x_wconf 90' lang='lat' dir='ltr'>eos,</span> <span class='ocrx_word' id='word_1_153' title='bbox 336 2217 396 2316; x_wconf 90' lang='lat' dir='ltr'>qui</span> <span class='ocrx_word' id='word_1_154' title='bbox 420 2218 498 2293; x_wconf 91' lang='lat' dir='ltr'>loco</span> <span class='ocrx_word' id='word_1_155' title='bbox 514 2213 632 2290; x_wconf 82' lang='lat' dir='ltr'>amill&#39;o</span> <span class='ocrx_word' id='word_1_156' title='bbox 646 2215 729 2316; x_wconf 83' lang='lat' dir='ltr'>fuga</span> <span class='ocrx_word' id='word_1_157' title='bbox 747 2212 779 2288; x_wconf 88' lang='lat' dir='ltr'>se</span> <span class='ocrx_word' id='word_1_158' title='bbox 798 2233 992 2313; x_wconf 81' lang='lat' dir='ltr'>receperant</span> <span class='ocrx_word' id='word_1_159' title='bbox 1008 2212 1044 2287; x_wconf 92' lang='lat' dir='ltr'>in</span> <span class='ocrx_word' id='word_1_160' title='bbox 1071 2211 1200 2309; x_wconf 88' lang='lat' dir='ltr'>castra,</span> <span class='ocrx_word' id='word_1_161' title='bbox 1224 2217 1259 2292; x_wconf 91' lang='lat' dir='ltr'>in</span> 
     </span>
     <span class='ocr_line' id='line_1_22' title="bbox 225 2314 615 2390; baseline 0.005 -2"><span class='ocrx_word' id='word_1_162' title='bbox 225 2323 328 2388; x_wconf 86' lang='lat' dir='ltr'>cruce</span> <span class='ocrx_word' id='word_1_163' title='bbox 342 2340 461 2389; x_wconf 90' lang='lat' dir='ltr'>omnes</span> <span class='ocrx_word' id='word_1_164' title='bbox 476 2314 615 2390; x_wconf 89' lang='lat' dir='ltr'>suffixit.</span> 
     </span>
     <span class='ocr_line' id='line_1_23' title="bbox 81 2406 1259 2510; baseline -0.003 -20"><span class='ocrx_word' id='word_1_165' title='bbox 81 2416 86 2424; x_wconf 83' lang='lat'>&#39;</span> <span class='ocrx_word' id='word_1_166' title='bbox 177 2419 198 2504; x_wconf 72' lang='lat' dir='ltr'>[r</span> <span class='ocrx_word' id='word_1_167' title='bbox 271 2411 431 2486; x_wconf 90' lang='lat' dir='ltr'>LXVll.</span> <span class='ocrx_word' id='word_1_168' title='bbox 456 2412 571 2487; x_wconf 86' lang='lat' dir='ltr'>Caesar</span> <span class='ocrx_word' id='word_1_169' title='bbox 588 2410 727 2485; x_wconf 89' lang='lat' dir='ltr'>interim</span> <span class='ocrx_word' id='word_1_170' title='bbox 747 2469 757 2498; x_wconf 91' lang='lat'>‚</span> <span class='ocrx_word' id='word_1_171' title='bbox 782 2430 798 2464; x_wconf 82' lang='lat'>²</span> <span class='ocrx_word' id='word_1_172' title='bbox 815 2407 978 2510; x_wconf 89' lang='lat' dir='ltr'>quoniam</span> <span class='ocrx_word' id='word_1_173' title='bbox 998 2406 1163 2486; x_wconf 88' lang='lat' dir='ltr'>frumenti</span> <span class='ocrx_word' id='word_1_174' title='bbox 1179 2409 1259 2486; x_wconf 90' lang='lat' dir='ltr'>ino·</span> 
     </span>
     <span class='ocr_line' id='line_1_24' title="bbox 174 2505 1260 2620; baseline 0.005 -41"><span class='ocrx_word' id='word_1_175' title='bbox 174 2518 179 2529; x_wconf 89' lang='lat'><em>&#39;</em></span> <span class='ocrx_word' id='word_1_176' title='bbox 224 2505 279 2607; x_wconf 86' lang='lat' dir='ltr'>pia</span> <span class='ocrx_word' id='word_1_177' title='bbox 294 2509 531 2608; x_wconf 86' lang='lat' dir='ltr'>premebatur,</span> <span class='ocrx_word' id='word_1_178' title='bbox 556 2509 670 2620; x_wconf 87' lang='lat' dir='ltr'>copias</span> <span class='ocrx_word' id='word_1_179' title='bbox 686 2533 807 2584; x_wconf 91' lang='lat' dir='ltr'>omnes</span> <span class='ocrx_word' id='word_1_180' title='bbox 818 2509 854 2581; x_wconf 93' lang='lat' dir='ltr'>in</span> <span class='ocrx_word' id='word_1_181' title='bbox 874 2505 978 2581; x_wconf 86' lang='lat' dir='ltr'>castra</span> <span class='ocrx_word' id='word_1_182' title='bbox 995 2509 1182 2596; x_wconf 88' lang='lat' dir='ltr'>conducit;</span> <span class='ocrx_word' id='word_1_183' title='bbox 1206 2530 1260 2584; x_wconf 88' lang='lat' dir='ltr'>at·</span> 
     </span>
     <span class='ocr_line' id='line_1_25' title="bbox 223 2602 1255 2775; baseline 0.002 -97"><span class='ocrx_word' id='word_1_184' title='bbox 223 2628 293 2775; x_wconf 57' lang='lat' dir='ltr'>pue</span> <span class='ocrx_word' id='word_1_185' title='bbox 306 2605 463 2703; x_wconf 80' lang='lat' dir='ltr'>praesidio</span> <span class='ocrx_word' id='word_1_186' title='bbox 472 2606 595 2701; x_wconf 90' lang='lat' dir='ltr'>Lepti,</span> <span class='ocrx_word' id='word_1_187' title='bbox 610 2604 781 2704; x_wconf 86' lang='lat' dir='ltr'>Ruspinae</span> <span class='ocrx_word' id='word_1_188' title='bbox 794 2602 939 2694; x_wconf 85' lang='lat' dir='ltr'>,Acillae</span> <span class='ocrx_word' id='word_1_189' title='bbox 954 2605 1094 2696; x_wconf 60' lang='lat' dir='ltr'>relicto,</span> <span class='ocrx_word' id='word_1_190' title='bbox 1111 2605 1255 2705; x_wconf 89' lang='lat' dir='ltr'>Cispio,</span> 
     </span>
     <span class='ocr_line' id='line_1_26' title="bbox 259 2701 1260 2802; baseline 0.001 -27"><span class='ocrx_word' id='word_1_191' title='bbox 259 2704 433 2802; x_wconf 88' lang='lat' dir='ltr'>quilaeque</span> <span class='ocrx_word' id='word_1_192' title='bbox 451 2704 548 2779; x_wconf 81' lang='lat' dir='ltr'>classe</span> <span class='ocrx_word' id='word_1_193' title='bbox 566 2702 745 2793; x_wconf 90' lang='lat' dir='ltr'>transdita‚</span> <span class='ocrx_word' id='word_1_194' title='bbox 772 2725 811 2777; x_wconf 94' lang='lat' dir='ltr'>ut</span> <span class='ocrx_word' id='word_1_195' title='bbox 824 2701 911 2776; x_wconf 89' lang='lat' dir='ltr'>alter</span> <span class='ocrx_word' id='word_1_196' title='bbox 926 2703 1184 2793; x_wconf 88' lang='lat' dir='ltr'>Adrumetum,</span> <span class='ocrx_word' id='word_1_197' title='bbox 1208 2704 1260 2776; x_wconf 91' lang='lat' dir='ltr'>al·</span> 
     </span>
     <span class='ocr_line' id='line_1_27' title="bbox 221 2799 1259 2900; baseline -0.006 -26"><span class='ocrx_word' id='word_1_198' title='bbox 221 2817 275 2874; x_wconf 88' lang='lat' dir='ltr'>ter</span> <span class='ocrx_word' id='word_1_199' title='bbox 289 2802 469 2900; x_wconf 89' lang='lat' dir='ltr'>Thapsum</span> <span class='ocrx_word' id='word_1_200' title='bbox 485 2802 567 2877; x_wconf 88' lang='lat' dir='ltr'>mari</span> <span class='ocrx_word' id='word_1_201' title='bbox 578 2799 794 2891; x_wconf 88' lang='lat' dir='ltr'>obfiderent,</span> <span class='ocrx_word' id='word_1_202' title='bbox 816 2799 1008 2900; x_wconf 79' lang='lat' dir='ltr'>ipsccastris</span> <span class='ocrx_word' id='word_1_203' title='bbox 1022 2799 1180 2881; x_wconf 84' lang='lat' dir='ltr'>incenfis,</span> <span class='ocrx_word' id='word_1_204' title='bbox 1211 2825 1259 2876; x_wconf 81' lang='grc' dir='ltr'>ιν</span> 
     </span>
     <span class='ocr_line' id='line_1_28' title="bbox 222 2891 1257 2998; baseline -0.002 -27"><span class='ocrx_word' id='word_1_205' title='bbox 222 2897 335 2973; x_wconf 72' lang='lat' dir='ltr'>noetis</span> <span class='ocrx_word' id='word_1_206' title='bbox 350 2901 385 2973; x_wconf 88' lang='lat' dir='ltr'>vi</span> <span class='ocrx_word' id='word_1_207' title='bbox 414 2900 488 2991; x_wconf 92' lang='lat' dir='ltr'>ilia,</span> <span class='ocrx_word' id='word_1_208' title='bbox 511 2899 580 2974; x_wconf 90' lang='lat' dir='ltr'>acie</span> <span class='ocrx_word' id='word_1_209' title='bbox 596 2896 779 2990; x_wconf 64' lang='lat' dir='ltr'>instructa,</span> <span class='ocrx_word' id='word_1_210' title='bbox 803 2898 1055 2998; x_wconf 86' lang='lat' dir='ltr'>impedimentis</span> <span class='ocrx_word' id='word_1_211' title='bbox 1070 2898 1104 2970; x_wconf 91' lang='lat' dir='ltr'>in</span> <span class='ocrx_word' id='word_1_212' title='bbox 1123 2891 1257 2969; x_wconf 86' lang='lat' dir='ltr'>finistra</span> 
     </span>
     <span class='ocr_line' id='line_1_29' title="bbox 221 2923 1256 3093; baseline -0.002 -24"><span class='ocrx_word' id='word_1_213' title='bbox 221 3015 317 3092; x_wconf 89' lang='lat' dir='ltr'>parte</span> <span class='ocrx_word' id='word_1_214' title='bbox 332 2923 527 3089; x_wconf 68' lang='lat' dir='ltr'>collocatis,</span> <span class='ocrx_word' id='word_1_215' title='bbox 551 3020 595 3071; x_wconf 87' lang='lat' dir='ltr'>ex</span> <span class='ocrx_word' id='word_1_216' title='bbox 612 3019 656 3069; x_wconf 93' lang='lat' dir='ltr'>eo</span> <span class='ocrx_word' id='word_1_217' title='bbox 671 2994 750 3068; x_wconf 89' lang='lat' dir='ltr'>loco</span> <span class='ocrx_word' id='word_1_218' title='bbox 767 2996 1019 3093; x_wconf 87' lang='lat' dir='ltr'>proficiscitur,</span> <span class='ocrx_word' id='word_1_219' title='bbox 1041 2995 1079 3066; x_wconf 89' lang='lat'>&amp;</span> <span class='ocrx_word' id='word_1_220' title='bbox 1093 2990 1256 3087; x_wconf 89' lang='lat' dir='ltr'>pervenit</span> 
     </span>
     <span class='ocr_line' id='line_1_30' title="bbox 220 3090 1255 3195; baseline -0.002 -31"><span class='ocrx_word' id='word_1_221' title='bbox 220 3090 263 3165; x_wconf 90' lang='lat' dir='ltr'>ad</span> <span class='ocrx_word' id='word_1_222' title='bbox 277 3093 446 3191; x_wconf 90' lang='lat' dir='ltr'>oppidum</span> <span class='ocrx_word' id='word_1_223' title='bbox 468 3097 563 3195; x_wconf 84' lang='lat' dir='ltr'>Agar</span> <span class='ocrx_word' id='word_1_224' title='bbox 580 3150 591 3183; x_wconf 91' lang='lat'>,</span> <span class='ocrx_word' id='word_1_225' title='bbox 613 3091 746 3192; x_wconf 69' lang='lat' dir='ltr'>quodi</span> <span class='ocrx_word' id='word_1_226' title='bbox 767 3095 908 3172; x_wconf 87' lang='lat' dir='ltr'>Getulis</span> <span class='ocrx_word' id='word_1_227' title='bbox 924 3093 1010 3189; x_wconf 88' lang='lat' dir='ltr'>saepe</span> <span class='ocrx_word' id='word_1_228' title='bbox 1024 3105 1119 3161; x_wconf 85' lang='lat' dir='ltr'>antea</span> <span class='ocrx_word' id='word_1_229' title='bbox 1135 3109 1255 3181; x_wconf 68' lang='lat' dir='ltr'>oppua</span> 
     </span>
     <span class='ocr_line' id='line_1_31' title="bbox 219 3181 1255 3352; baseline -0.015 -89"><span class='ocrx_word' id='word_1_230' title='bbox 219 3209 384 3287; x_wconf 86' lang='lat' dir='ltr'>gnatum,</span> <span class='ocrx_word' id='word_1_231' title='bbox 408 3190 608 3292; x_wconf 88' lang='lat' dir='ltr'>summaque</span> <span class='ocrx_word' id='word_1_232' title='bbox 621 3192 729 3292; x_wconf 86' lang='lat' dir='ltr'>viper</span> <span class='ocrx_word' id='word_1_233' title='bbox 743 3193 835 3293; x_wconf 87' lang='lat' dir='ltr'>ipsos</span> <span class='ocrx_word' id='word_1_234' title='bbox 849 3189 1036 3292; x_wconf 85' lang='lat' dir='ltr'>oppidanos</span> <span class='ocrx_word' id='word_1_235' title='bbox 1049 3181 1255 3352; x_wconf 61' lang='lat' dir='ltr'>eratdpfen.</span> 
     </span>
     <span class='ocr_line' id='line_1_32' title="bbox 547 3305 1252 3359; baseline 0.006 -5"><span class='ocrx_word' id='word_1_236' title='bbox 547 3339 555 3354; x_wconf 87' lang='grc'><strong><em>,</em></strong></span> <span class='ocrx_word' id='word_1_237' title='bbox 1175 3305 1252 3359; x_wconf 91' lang='lat' dir='ltr'>utn.</span> 
     </span>
    </p>
   </div>
   <div class='ocr_carea' id='block_1_3' title="bbox 217 3462 1255 3743">
    <p class='ocr_par' dir='ltr' id='par_1_3' title="bbox 217 3462 1255 3743">
     <span class='ocr_line' id='line_1_33' title="bbox 250 3462 1171 3547; baseline -0.015 -18"><span class='ocrx_word' id='word_1_238' title='bbox 250 3492 274 3532; x_wconf 87' lang='lat' dir='ltr'>r.</span> <span class='ocrx_word' id='word_1_239' title='bbox 295 3478 717 3544; x_wconf 60' lang='lat' dir='ltr'>PostmodeJula&amp;e.]Joan.nhel-</span> <span class='ocrx_word' id='word_1_240' title='bbox 747 3472 792 3533; x_wconf 78' lang='lat' dir='ltr'>suo</span> <span class='ocrx_word' id='word_1_241' title='bbox 805 3462 896 3528; x_wconf 70' lang='lat' dir='ltr'>misse,</span> <span class='ocrx_word' id='word_1_242' title='bbox 914 3466 1018 3519; x_wconf 75' lang='lat' dir='ltr'>constet.</span> <span class='ocrx_word' id='word_1_243' title='bbox 1052 3468 1171 3547; x_wconf 63' lang='lat' dir='ltr'>Glandqrp.</span> 
     </span>
     <span class='ocr_line' id='line_1_34' title="bbox 218 3536 1255 3614; baseline -0.014 -20"><span class='ocrx_word' id='word_1_244' title='bbox 218 3545 300 3594; x_wconf 70' lang='lat' dir='ltr'>ticam</span> <span class='ocrx_word' id='word_1_245' title='bbox 315 3545 389 3598; x_wconf 79' lang='lat' dir='ltr'>valde</span> <span class='ocrx_word' id='word_1_246' title='bbox 404 3544 496 3601; x_wconf 86' lang='lat' dir='ltr'>insulse</span> <span class='ocrx_word' id='word_1_247' title='bbox 512 3548 578 3599; x_wconf 82' lang='lat' dir='ltr'>hanc</span> <span class='ocrx_word' id='word_1_248' title='bbox 593 3547 660 3614; x_wconf 82' lang='lat' dir='ltr'>Jubae</span> <span class='ocrx_word' id='word_1_249' title='bbox 669 3545 717 3594; x_wconf 88' lang='lat' dir='ltr'>mi·</span> <span class='ocrx_word' id='word_1_250' title='bbox 781 3553 806 3586; x_wconf 86' lang='lat'>2.</span> <span class='ocrx_word' id='word_1_251' title='bbox 831 3538 944 3598; x_wconf 75' lang='lat' dir='ltr'>Qoniam</span> <span class='ocrx_word' id='word_1_252' title='bbox 955 3536 1062 3598; x_wconf 64' lang='lat' dir='ltr'>frementi</span> <span class='ocrx_word' id='word_1_253' title='bbox 1077 3538 1169 3599; x_wconf 70' lang='lat' dir='ltr'>mepta]</span> <span class='ocrx_word' id='word_1_254' title='bbox 1193 3537 1255 3587; x_wconf 77' lang='lat' dir='ltr'>MS.</span> 
     </span>
     <span class='ocr_line' id='line_1_35' title="bbox 217 3601 1251 3674; baseline -0.011 -14"><span class='ocrx_word' id='word_1_255' title='bbox 217 3610 322 3662; x_wconf 79' lang='lat' dir='ltr'>litarem</span> <span class='ocrx_word' id='word_1_256' title='bbox 337 3614 595 3671; x_wconf 76' lang='lat' dir='ltr'>animadversionem,</span> <span class='ocrx_word' id='word_1_257' title='bbox 611 3610 654 3660; x_wconf 77' lang='lat' dir='ltr'>seu</span> <span class='ocrx_word' id='word_1_258' title='bbox 669 3623 716 3674; x_wconf 80' lang='lat' dir='ltr'>po·</span> <span class='ocrx_word' id='word_1_259' title='bbox 748 3603 839 3653; x_wconf 79' lang='lat' dir='ltr'>Nervic.</span> <span class='ocrx_word' id='word_1_260' title='bbox 855 3601 1008 3667; x_wconf 75' lang='lat' dir='ltr'>quifrranenti</span> <span class='ocrx_word' id='word_1_261' title='bbox 1021 3606 1092 3667; x_wconf 77' lang='lat' dir='ltr'>iuopia</span> <span class='ocrx_word' id='word_1_262' title='bbox 1098 3601 1251 3665; x_wconf 79' lang='lat' dir='ltr'>premebatur,</span> 
     </span>
     <span class='ocr_line' id='line_1_36' title="bbox 218 3663 1253 3743; baseline -0.008 -13"><span class='ocrx_word' id='word_1_263' title='bbox 218 3676 268 3731; x_wconf 75' lang='lat' dir='ltr'>aius</span> <span class='ocrx_word' id='word_1_264' title='bbox 282 3677 457 3733; x_wconf 77' lang='lat' dir='ltr'>crudelitatem</span> <span class='ocrx_word' id='word_1_265' title='bbox 471 3718 479 3742; x_wconf 93' lang='lat'>,</span> <span class='ocrx_word' id='word_1_266' title='bbox 504 3679 538 3731; x_wconf 71' lang='lat' dir='ltr'>ad</span> <span class='ocrx_word' id='word_1_267' title='bbox 554 3677 674 3743; x_wconf 83' lang='lat' dir='ltr'>proelium</span> <span class='ocrx_word' id='word_1_268' title='bbox 687 3687 716 3721; x_wconf 76' lang='lat' dir='ltr'>a·</span> <span class='ocrx_word' id='word_1_269' title='bbox 748 3672 775 3721; x_wconf 70' lang='grc' dir='ltr'>δι</span> <span class='ocrx_word' id='word_1_270' title='bbox 788 3663 888 3720; x_wconf 76' lang='lat' dir='ltr'>essene</span> <span class='ocrx_word' id='word_1_271' title='bbox 898 3668 976 3721; x_wconf 65' lang='lat' dir='ltr'>lenio</span> <span class='ocrx_word' id='word_1_272' title='bbox 985 3681 1053 3738; x_wconf 78' lang='lat' dir='ltr'>aque</span> <span class='ocrx_word' id='word_1_273' title='bbox 1062 3668 1145 3737; x_wconf 78' lang='lat' dir='ltr'>placet</span> <span class='ocrx_word' id='word_1_274' title='bbox 1154 3679 1182 3720; x_wconf 79' lang='lat' dir='ltr'>ac</span> <span class='ocrx_word' id='word_1_275' title='bbox 1192 3669 1253 3739; x_wconf 66' lang='lat' dir='ltr'>vulg</span> 
     </span>
    </p>
   </div>
   <div class='ocr_carea' id='block_1_4' title="bbox 216 3740 946 3885">
    <p class='ocr_par' dir='ltr' id='par_1_4' title="bbox 216 3740 946 3885">
     <span class='ocr_line' id='line_1_37' title="bbox 217 3740 946 3819; baseline -0.008 -27"><span class='ocrx_word' id='word_1_276' title='bbox 217 3742 269 3819; x_wconf 76' lang='lat' dir='ltr'>pud</span> <span class='ocrx_word' id='word_1_277' title='bbox 282 3741 423 3812; x_wconf 68' lang='lat' dir='ltr'>Ruspinam</span> <span class='ocrx_word' id='word_1_278' title='bbox 437 3747 533 3799; x_wconf 66' lang='lat' dir='ltr'>fanum</span> <span class='ocrx_word' id='word_1_279' title='bbox 548 3740 643 3818; x_wconf 74' lang='lat' dir='ltr'>refert,</span> <span class='ocrx_word' id='word_1_280' title='bbox 658 3752 715 3791; x_wconf 84' lang='lat' dir='ltr'>cum</span> <span class='ocrx_word' id='word_1_281' title='bbox 746 3745 818 3807; x_wconf 66' lang='lat'>3281.</span> <span class='ocrx_word' id='word_1_282' title='bbox 850 3740 946 3795; x_wconf 67' lang='lat' dir='ltr'>Darios,</span> 
     </span>
     <span class='ocr_line' id='line_1_38' title="bbox 216 3805 715 3885; baseline -0.01 -20"><span class='ocrx_word' id='word_1_283' title='bbox 216 3805 246 3865; x_wconf 71' lang='lat' dir='ltr'>td</span> <span class='ocrx_word' id='word_1_284' title='bbox 258 3814 378 3883; x_wconf 78' lang='lat' dir='ltr'>temporis</span> <span class='ocrx_word' id='word_1_285' title='bbox 393 3811 485 3885; x_wconf 78' lang='lat' dir='ltr'>Jubun</span> <span class='ocrx_word' id='word_1_286' title='bbox 502 3806 584 3864; x_wconf 74' lang='lat' dir='ltr'>adhoc</span> <span class='ocrx_word' id='word_1_287' title='bbox 596 3818 715 3878; x_wconf 66' lang='lat' dir='ltr'>rnrepno</span> 
     </span>
    </p>
   </div>
   <div class='ocr_carea' id='block_1_5' title="bbox 0 0 1312 4462">
    <p class='ocr_par' dir='ltr' id='par_1_5' title="bbox 0 0 1312 4462">
     <span class='ocr_line' id='line_1_39' title="bbox 0 0 1312 4462; baseline 0 5"><span class='ocrx_word' id='word_1_288' title='bbox 0 0 1312 4462; x_wconf 95' lang='lat' dir='ltr'> </span> 
     </span>
    </p>
   </div>
  </div>
 </body>
</html>
