2616 4462
162 293 242 377 450
395 267 440 347 C.
463 273 495 369 J.
519 265 744 345 enims
771 207 1032 349 corinnae.

163 400 241 472 stris
258 412 478 470 convertunt.
517 392 603 467 Hoc
617 392 708 466 idem
734 391 871 492 postero
887 392 942 466 die
959 392 1104 493 dprima
1121 393 1206 474 luce

162 496 313 583 saciant,
327 492 554 590 totumquein
562 515 599 564 ea
607 516 643 566 re
653 492 748 572 diem
755 489 976 566 consumunt.
986 493 1074 586 sed,
1089 517 1206 594 quanc-

161 613 238 668 tum
255 617 360 691 opere
377 589 606 691 processerant
628 647 639 679 ,
662 591 699 664 ὃ(
716 588 820 662 castra
841 590 1088 686 protulerant:
1101 613 1213 668 tanto

161 690 300 793 aberant
315 690 358 762 ab
373 713 459 788 aqua
475 688 614 788 longius
633 712 644 775 3
667 690 704 761 δῑ
724 686 883 782 praesenri
901 689 992 762 malo
1007 688 1078 764 aliis
1100 692 1204 767 malis

112 811 141 891 4
162 788 308 863 remedia
331 786 511 862 dabantur.
547 784 665 859 Prima
685 783 789 858 nodie
804 784 951 884 aquandi
974 787 1080 861 caussa
1094 813 1202 865 nemo

162 886 340 987 egreditur
356 910 400 958 cx
417 883 543 958 castris.
569 882 732 982 proximo
746 882 801 955 die
818 939 828 967 ,
853 883 1011 981 praefidio
1035 882 1203 964 in’eastris

164 983 286 1058 relidlo
305 1040 316 1074 ,
339 980 510 1056 universas
526 981 568 1053 ad
589 1005 712 1079 aquam
728 979 841 1076 copias
858 981 1036 1057 educunt:
1061 983 1201 1083 pabula-

113 1097 139 1176 5
164 1103 239 1156 tum
260 1081 431 1155 emittitur
448 1084 562 1152 nemo.
602 1093 614 1128 ¹
634 1079 703 1151 His
718 1101 776 1152 eos
792 1077 961 1176 supplices
978 1079 1198 1157 male-haberi

160 1177 277 1253 Caesar
290 1181 327 1254 &
344 1177 555 1252 necessariam
568 1174 680 1249 subire
694 1174 925 1263 deditionem,
950 1202 1055 1274 quam
1073 1179 1201 1276 proelio

159 1277 359 1368 decertare,
383 1272 542 1349 malebat.
566 1292 710 1347 conatur
728 1293 841 1346 tamen
856 1299 913 1347 eos
934 1275 1028 1348 vallo
1047 1275 1216 1375 fossaque·

158 1375 410 1450 circumvenire
419 1399 430 1463 3
454 1392 614 1470 utquam
627 1370 773 1444 maxime
783 1372 972 1469 repentinas
987 1398 1111 1447 eorum
1121 1400 1202 1450 eru·

159 1472 296 1572 ptiones
314 1473 535 1562 demoretur,
559 1494 632 1568 quo
650 1466 830 1542 necessario
844 1468 1063 1545 descensuros
1083 1471 1200 1546 existi·
1229 1526 1232 1533 ·

112 1565 139 1644 6
161 1569 286 1644 mabar.
318 1588 333 1622 2
363 1569 418 1644 lbi
437 1570 474 1644 &
499 1567 614 1666 inopia
628 1566 745 1665 pabuli
764 1563 924 1652 adducti,
950 1571 987 1642 bc
1003 1593 1074 1667 quo
1089 1570 1200 1644 essent

158 1667 201 1742 ad
217 1667 282 1741 iter
297 1667 551 1767 expeditiores,
576 1664 691 1739 omnia
709 1663 880 1736 sarcinaria
893 1665 1050 1764 jumenta
1065 1665 1200 1741 interfi-

108 1884 131 1949 Ιι
158 1765 448 1940 ςιῗξεζῐὶὶζὶΧΙΙ.
471 1863 514 1936 In
531 1859 582 1971 his
600 1855 785 1970 operibus,
809 1858 1028 1970 consiliisque
1049 1860 1198 1938 biduum

156 1960 383 2034 consumitur.
417 1961 521 2036 tertio
535 1960 591 2031 dre
609 1979 730 2057 magna
740 1980 809 2051 Janr
827 1982 903 2055 pars
919 1982 1029 2056 opens
1052 1958 1199 2035 Caesaris

154 2059 371 2160 processerat.
398 2059 456 2132 llli
481 2053 939 2156 ³impediendaereicaussa,
965 2056 1048 2130 hora
1060 2056 1198 2133 circiter

1128 2179 1199 2232 ux

155 2251 228 2306 soille
242 2255 377 2322 positum,
400 2252 466 2305 unde
489 2253 570 2304 etiam
591 2265 661 2321 patet
695 2252 732 2302 vis
756 2251 860 2319 eligas,
885 2268 975 2304 omnes
996 2250 1068 2303 enim
1090 2256 1200 2323 vulgate

156 2336 206 2372 eosv
220 2321 302 2373 versus
319 2319 445 2372 Caesarem
461 2317 590 2379 movisse,
616 2335 661 2378 ur,
695 2317 817 2384 prestant.
852 2322 924 2370 Idem.

150 2390 176 2448 fi
188 2393 290 2453 praelium
306 2392 475 2435 committeretur
494 2420 501 2443 ,
514 2390 662 2451 propinquitas
688 2436 689 2439 ,
730 2403 753 2434 2.
772 2388 804 2432 Ibi
813 2388 839 2439 dr
849 2389 920 2451 inopia
925 2388 999 2453 pabuli
1010 2387 1198 2435 addasli--o-

154 2455 276 2514 castrorum
293 2458 379 2501 celerem
393 2454 499 2514 superaris
517 2453 611 2515 exsuge
628 2471 662 2500 rc·
696 2455 755 2498 mnia
758 2453 884 2512 sarcinaria
895 2457 995 2514 jumenta
1010 2451 1103 2512 interfici
1106 2457 1198 2515 jubent]

155 2533 239 2581 ceptum
254 2521 325 2568 daret.
343 2523 455 2583 Apparet
464 2517 543 2566 eriam
552 2532 584 2566 ex
594 2521 662 2566 Hirtii
696 2517 782 2565 Multo
796 2520 886 2583 melius
902 2519 930 2566 in
944 2521 997 2568 MS.
1007 2523 1081 2566 Naro.
1090 2524 1117 2572 &
1126 2520 1201 2572 editt.

155 2583 203 2635 lib.
214 2601 286 2635 v111.
305 2589 332 2634 B.
344 2588 376 2633 G.
394 2598 467 2648 capp.
477 2599 516 2633 rx.
534 2587 561 2634 oc
571 2599 596 2634 x.
607 2588 661 2632 Cae-
696 2589 762 2650 lnam.
776 2588 826 2635 Ven.
837 2586 934 2633 Beroald.
950 2584 1044 2649 legitur
1056 2586 1091 2633 illi
1110 2588 1136 2639 ό*
1150 2592 1200 2634 ino·

154 2649 239 2701 sarem
255 2648 333 2701 eastra
351 2647 435 2698 castris
451 2647 559 2699 hostium
573 2662 661 2699 contu·
693 2652 731 2711 pia
747 2651 792 2700 uc.
816 2656 872 2700 l-loc
889 2662 973 2699 autem
996 2664 1083 2700 eorum
1097 2651 1200 2702 facinus

154 2711 212 2766 lisse
232 2717 336 2775 ,etiam
352 2730 409 2764 cum
424 2714 544 2767 timorem
560 2713 663 2766 simula·
695 2730 821 2766 memorat
839 2718 888 2776 Jul.
902 2718 1017 2764 Frontibus
1033 2722 1136 2783 strateg.
1148 2716 1202 2775 lib.

155 2795 207 2832 ret.
237 2785 333 2832 Davies.
697 2796 737 2831 11.
754 2797 840 2847 capr.
875 2785 945 2831 Idem.

191 2862 214 2896 1.
232 2852 312 2895 Hiatus
319 2848 423 2912 supplicet
439 2850 496 2896 male
505 2849 577 2897 haberi
594 2849 663 2908 Caefiar
730 2863 752 2904 3.
771 2851 908 2912 Impedienda¹
923 2849 1050 2912 reicanffa]
1066 2848 1121 2898 MS.
1137 2855 1200 2897 Nor·
1243 2878 1245 2919 ἰ

115 2960 117 2965 ,
155 2912 184 2965 ὰ
200 2913 352 2975 neceffariam]
368 2920 408 2964 lta
423 2913 502 2964 edidit
523 2915 571 2975 Jos.
590 2917 661 2961 Scali-
696 2915 739 2962 vic.
757 2916 895 2978 Impedienda
910 2918 1050 2972 munitionis,
1066 2915 1209 2979 proflabat,
1243 2944 1245 2951 ·

149 2993 208 3043 ger,
227 2978 298 3030 &fic
316 2985 369 3030 MS.
388 2985 481 3031 Norvic.
497 2977 543 3029 nist
555 2978 625 3045 quod
633 2980 660 3027 in
695 2980 775 3040 cauffo.
795 2979 884 3029 Codex
894 2994 945 3029 vet.
966 2981 1199 3045 Pineu1,1mpedien-
1243 3018 1245 3033 .

155 3058 187 3092 ea
200 3060 333 3111 perperam
355 3045 474 3097 scribatur
496 3047 561 3094 made
578 3047 659 3095 haberi.
694 3047 725 3092 dae
741 3050 866 3093 munitionis
882 3047 977 3107 cauffo,
1004 3065 1049 3110 qut
1061 3047 1148 3107 fiebat,
1164 3045 1198 3097 fie
1243 3036 1245 3075 i

153 3109 203 3160 Sed
220 3110 312 3161 vitiosa
326 3110 361 3162 est
377 3112 455 3163 lesbio
473 3124 589 3178 recepta,
606 3127 659 3160 non
693 3112 720 3160 δι
738 3111 909 3169 Fae'rnilib'er,
925 3111 991 3161 uncle
1005 3113 1051 3161 ille
1061 3110 1200 3163 rescriben-

153 3178 225 3226 enim
242 3176 378 3228 Afraniani
396 3181 449 3242 jam
472 3193 544 3228 erant
567 3176 659 3243 suppli-
693 3176 1199 3242 dumputavittmpeda'andaereicauffa‚narn

107 3258 110 3264 ¹
152 3258 206 3293 ees.
222 3240 344 3293 Rescribe>
358 3248 391 3293 his
408 3264 441 3292 eos
458 3242 584 3310 suppliciis
602 3246 659 3291 male
692 3244 791 3307 reliqua
810 3249 839 3292 rei
854 3239 978 3312 glossema
1002 3239 1052 3292 esse
1073 3242 1199 3296 videban-

152 3313 227 3357 Μηνὶ
236 3346 243 3369 ,
261 3325 330 3374 aquae
348 3310 467 3360 videlicet
477 3327 506 3360 ac
522 3308 609 3375 pabuli
618 3312 658 3358 in·
691 3321 740 3359 tnr.
757 3314 837 3360 Acute
852 3310 973 3376 quidem,
989 3325 1035 3359 nee
1052 3322 1142 3359 tamen
1157 3313 1198 3362 lo·

152 3376 224 3440 opia.
249 3375 331 3426 Editt.
358 3390 446 3426 tamen
463 3383 530 3446 unm.
549 3382 600 3425 Ven.
616 3382 658 3440 lje-
693 3375 1101 3444 cumperpurgavinlegendum,
1118 3377 1215 3428 omis-·

151 3444 225 3490 wald.
243 3445 316 3505 Sacph.
332 3459 386 3492 non
401 3444 470 3492 male
486 3440 607 3492 exhibent
617 3447 659 3490 His
692 3439 719 3491 sa
734 3457 796 3491 voce
812 3446 885 3505 cauffo
903 3479 910 3503 ‚
928 3444 1060 3506 impedienda
1071 3449 1102 3490 rei
1120 3479 1128 3503 ,
1145 3449 1197 3494 hora

153 3525 188 3553 cos
214 3507 319 3571 supplices
340 3512 405 3557 malis
428 3509 497 3568 Caefirr
520 3509 657 3569 necrffarr'am
691 3512 774 3557 circiter
793 3525 864 3561 v111.
882 3523 909 3559 ut
927 3511 1007 3574 liquet
1025 3525 1056 3560 ex
1066 3523 1130 3561 vett.
1147 3513 1198 3560 im-

148 3573 388 3634 fubirededirionem3
414 3588 455 3624 aut
472 3576 550 3624 etiam
567 3610 576 3633 ,
593 3589 656 3639 qno·
690 3573 800 3638 pressis,
827 3579 871 3642 qui
896 3591 981 3627 veram
1006 3577 1145 3628 lestionem
1158 3579 1198 3638 ,δι

152 3638 225 3686 niam
246 3639 356 3701 supplices·
371 3642 428 3689 male
456 3644 527 3689 habui
550 3641 578 3689 in
598 3642 656 3691 aliis
691 3639 821 3691 Glossema
832 3645 961 3710 integrum
979 3638 1134 3703 servarunt3
1156 3657 1198 3692 rc·

153 3701 239 3753 Codd.
257 3705 375 3771 legatur,
392 3709 480 3770 reponi
494 3705 574 3773 potest
581 3711 657 3756 baseos
689 3707 840 3774 praesentant
858 3713 928 3760 enim
953 3708 1035 3762 Editt.
1057 3717 1125 3778 ηοω.
1145 3714 1203 3759 Vm.

146 3770 252 3834 supplices
270 3775 334 3821 malis
349 3776 423 3821 habere
442 3776 509 3835 Casas
524 3775 550 3825 dr
565 3776 656 3836 neeeffir·
690 3777 791 3826 Beroald.
809 3778 884 3842 Stepb.
898 3779 1033 3844 Qpheleng.
1055 3777 1199 3842 Impedienda

149 3839 210 3891 riam
226 3838 275 3906 dc·⁸
289 3843 387 3897 Harum
404 3836 544 3896 netonm
559 3853 657 3895 utram-
689 3845 804 3912 remque
822 3845 948 3899 mamonis
964 3841 1200 3964 cmffafida,Heie
1229 3854 1234 3865 ·
