2616 4462
265 268 934 350 :oiissnmoilisiiniauin
1013 278 1142 373 [777
1277 267 1278 270 ‘

159 395 248 471 XL.
272 395 461 472 Interfedlo
477 395 545 468 Cn.
567 394 737 492 Pompejo
753 389 1140 486 adolescente3Didius,
1169 421 1190 489 ij

115 519 214 594 quem
229 494 329 594 supra
345 493 673 580 demonstravimus,
697 489 902 565 illaaffedlus
914 491 1139 588 laetitia‚pro-
1189 570 1191 574 ,

113 595 206 666 ximo
224 590 257 666 se
281 592 407 690 recepit
431 591 591 679 castello,
616 587 866 687 nonnullasque
883 613 985 662 naves
998 585 1040 660 ad
1060 591 1142 664 reli.

110 690 273 765 ciendum
292 688 467 764 subduxit.
494 687 670 776 Lusitani,
695 686 756 785 qui
773 711 817 761 ex
831 710 949 786 pugna
963 685 1142 785 supersued
1165 714 1190 766 2

110 787 279 876 runt,²ad
296 785 431 885 signum
448 788 479 859 se
496 803 717 882 receperunt,
740 786 777 857 bc
800 783 887 856 bene
904 806 1027 883 magna
1040 808 1145 859 manu

108 903 322 980 comparata,
344 885 385 958 ad
405 884 552 959 Didium
569 883 601 954 se
616 898 803 980 reportant.
828 881 1144 956 Huicetlinonab·
1169 903 1196 995 3

112 999 182 1052 erat
206 975 382 1078 diligentia
397 981 440 1054 ad
453 1005 558 1055 naves
575 979 735 1069 tuendas,
759 999 874 1052 tamen
892 1002 1143 1077 nonnunquam

113 1101 157 1148 ex
175 1078 313 1151 castello
335 1100 475 1177 propter
496 1101 616 1152 eorum
640 1076 774 1149 crebras
795 1076 1012 1151 excursiones
1030 1078 1160 1175 ejicia·-

113 1173 235 1265 batur,
257 1175 295 1249 δι
310 1174 355 1250 sic
370 1201 480 1276 prope
490 1173 697 1275 quotidianis
705 1175 834 1272 pugnis
844 1173 976 1248 infidias
986 1195 1144 1272 ponunt,
1198 1262 1200 1266 ¹

115 1272 331 1368 &tripartito
341 1273 434 1373 ligna
452 1273 675 1346 distribuunt.
703 1273 812 1343 Erant
822 1272 947 1367 parati,
964 1271 1025 1369 qui
1041 1277 1146 1348 naves
1165 1291 1192 1373 4
1295 1342 1302 1350 .

115 1368 355 1459 incenderent3
378 1371 587 1470 incensisque
599 1369 660 1469 qui
677 1367 864 1441 subsidium
882 1389 1096 1468 repeterenta
1124 1371 1149 1443 ii
1271 1398 1273 1411 ·

116 1465 164 1538 fic
182 1465 332 1563 dispositi
347 1490 459 1556 erant,
485 1487 496 1522 1
515 1474 556 1542 ut
572 1467 592 1540 a
610 1467 708 1540 nullo
724 1465 908 1564 conspebbu
925 1469 1083 1540 omnium
1105 1469 1149 1542 ad

115 1578 269 1662 pugnarn
285 1567 541 1639 contenderent.
577 1566 650 1655 lta,
675 1588 784 1661 quum
804 1588 848 1636 cx
864 1564 1002 1637 castello
1019 1565 1148 1640 Didius
1171 1587 1197 1666 5
1239 1603 1242 1607 >

117 1661 159 1733 ad
178 1662 441 1760 propellendum
453 1659 659 1760 procellisset
672 1660 1149 1760 cumcopiis,fignumdLu-
1195 1658 1198 1665 ’

116 1757 228 1831 sitanis
245 1758 401 1847 tollitur,
424 1783 526 1832 naves
537 1757 791 1844 incenduntur3
815 1756 1063 1856 simulqueuqui
1080 1779 1096 1812 2
1112 1762 1149 1838 in

116 1855 254 1942 castello
262 1856 303 1926 ad
321 1879 474 1954 pugnarn
492 1853 737 1953 processerant,
761 1853 923 1927 eodemsi
952 1879 998 1929 no
1013 1857 1151 1956 fugien-

118 1973 168 2025 tes
185 1952 330 2025 latrones
341 1954 425 2026 dutn
439 1953 710 2051 persequuntur,
733 1950 753 2023 a
767 1971 867 2050 tergo
877 1879 1007 2026 infigdiae
1022 1953 1151 2028 clamo·

118 2073 154 2121 re
171 2048 304 2121 sublato
322 2050 611 2124 circumveniunt.
637 2049 764 2122 Didius
779 2063 902 2147 magna
917 2074 996 2124 cuni
1020 2051 1148 2125 virtute
1174 2049 1198 2126 6

115 2170 198 2220 curn
211 2145 450 2242 compluribus
467 2147 694 2221 interficitur:
721 2147 882 2221 nonnulli
895 2171 934 2219 ea
950 2172 1067 2248 pugna
1082 2146 1149 2222 sca.

115 2245 218 2341 phas,
243 2244 372 2341 quaead
382 2245 479 2318 littus
495 2243 648 2328 fuerant,
673 2263 862 2340 occupant:
890 2243 971 2316 item
990 2248 1149 2344 complu·
1175 2268 1198 2345 7

117 2365 169 2412 res
185 2342 318 2422 nando,
341 2343 382 2414 ad
396 2366 516 2433 naves,
543 2366 621 2438 quae
637 2340 673 2413 in
681 2339 957 2431 salofuerunt,se
966 2343 1148 2442 recipiunt.

117 2438 289 2511 Anchoris
314 2438 480 2531 sublatis,
515 2441 654 2536 pelagus
681 2438 784 2510 remis
802 2440 920 2535 ¹petere
940 2464 1145 2540 coeperunt:
1174 2442 1195 2516 8
1239 2450 1243 2463 '

88 2613 90 2617 .
117 2557 198 2629 quae
216 2558 265 2607 res
279 2561 400 2610 eorum
416 2536 497 2610 vitae
514 2536 662 2609 subsidio
678 2534 756 2609 suit.
782 2533 938 2610 Lusitani
954 2539 1066 2637 praeda
1085 2566 1149 2639 po-

116 2631 264 2703 tiuntur.
289 2630 403 2704 Caesar
417 2634 576 2707 Gadibus
591 2632 704 2708 rursus
719 2633 760 2705 ad
781 2631 950 2729 Hispalim
969 2640 1125 2710 recurrit.

164 2726 272 2800 XLI.
298 2728 423 2802 Fabius
446 2733 643 2822 Maximus,
668 2750 679 2789 ³
699 2753 804 2829 quem
826 2729 895 2825 ipse
916 2732 957 2803 ad
974 2734 1145 2806 Mundam
1176 2768 1191 2816 1
1287 2791 1290 2795 .

117 2821 316 2922 praesidium
333 2829 605 2924 oppugnandum
617 2826 798 2924 reliquerat
815 2827 976 2922 operibus
994 2826 1146 2917 assiduis,
1167 2868 1170 2875 -

114 2919 296 3017 hostesque
315 2922 444 2994 circum
471 2923 536 2995 sese
556 2924 750 3014 interclusi,
774 2923 862 2994 inter
885 2923 917 3011 se
940 2924 1145 3014 decernere,

114 3017 408 3094 sabbacaedebene
426 3041 569 3118 magna,
592 3021 644 3068 *Η*
666 3022 883 3119 eruptionem
898 3019 1039 3095 faciunt.
1064 3024 1145 3099 No·
1170 3051 1194 3105 2

1086 3121 1147 3198 stri

151 3313 173 3348 1.
189 3300 247 3348 Utri
260 3303 319 3350 nullo
333 3301 440 3367 conspedsu
455 3301 560 3361 omnium]
578 3300 614 3351 sic
683 3320 705 3360 3.
721 3305 795 3369 Qem
808 3302 850 3366 ipse
865 3304 894 3350 ad
909 3306 1145 3372 mndampraestdium

117 3363 220 3429 quidem
229 3367 290 3417 editi
299 3383 407 3425 omnes;
426 3365 613 3434 sedlegendum
647 3373 806 3434 oppugnandum
822 3372 954 3433 reliquerat]
977 3371 1059 3423 Editt.
1073 3381 1144 3443 Qm.

117 3427 166 3477 urii
182 3434 239 3477 nullo
254 3431 494 3498 conspesbiomnium,
506 3450 558 3499 quae
566 3435 613 3483 mi-
649 3444 698 3486 Ven.
708 3439 807 3486 Beroald.
824 3433 912 3487 omissa
926 3453 1006 3497 voce,
1021 3439 1144 3491 exhibent

115 3511 164 3545 not
175 3493 208 3544 est
216 3499 322 3559 mutatio
331 3534 338 3556 ,
348 3513 424 3562 quam
433 3503 596 3566 Glandorpiana
606 3536 613 3558 ,
647 3521 709 3569 quem
724 3504 767 3568 ipse
775 3504 804 3551 ad
809 3503 930 3566 praestdium
939 3509 1100 3570 oppugnandum
1107 3524 1144 3554 re-

118 3576 165 3626 pro
182 3559 480 3625 quascribendumeffet,
496 3566 612 3616 utinullo
645 3575 745 3637 liquerat.
780 3572 834 3618 MS.
860 3574 951 3623 Noroic.
984 3571 1144 3639 repraesentat

116 3628 218 3691 cunperti·
236 3631 327 3679 omnino.
361 3633 461 3683 Davies.
644 3654 707 3703 quem
723 3653 766 3686 una
774 3639 804 3685 ad
808 3636 929 3699 praestdium
937 3639 1095 3702 oppugnandum
1105 3655 1143 3686 re·

150 3711 173 3745 2.
191 3699 218 3740 ln
234 3693 333 3753 castello]
350 3694 430 3745 Scribe
438 3698 570 3759 exceſsula,
585 3714 611 3750 ut
646 3708 755 3770 liquerat,
770 3701 835 3754 unde
854 3703 961 3768 legerim
975 3721 1038 3768 quem
1053 3705 1143 3753 minda
1195 3744 1196 3747 ,

116 3757 193 3810 habet
208 3763 260 3808 MS·
270 3763 359 3808 Narnia.
370 3761 520 3825 vele'castdlt
536 3779 563 3822 ut
571 3765 610 3821 ed.
645 3775 674 3819 ad
685 3773 804 3834 praefidium
820 3771 869 3819 &c
888 3772 957 3816 Nam
971 3769 1022 3818 hac
1041 3768 1143 3821 Munda

116 3827 361 3900 iterativum«.
391 3829 462 3902 liin
645 3836 712 3910 rests
723 3834 795 3912 aare
809 3849 840 3883 ex
855 3831 933 3898 seua
946 3832 1040 3909 tiques„
1071 3837 1144 3908 itu·

812 3911 875 3961 ccc
898 3921 914 3976 s
