2616 4462
213 267 291 375 '678
425 257 1061 354 A.Hrrtr1100utrnur.

185 382 188 391 ’
215 384 476 483 vetandumque
491 381 629 456 cursum
645 378 793 458 tardiora
810 382 972 458 haberent
990 410 1000 472 ;
1023 383 1090 458 diei
1117 407 1164 458 ue
1176 407 1257 483 pars

215 485 341 584 exigua
351 484 426 582 jam,
437 481 569 580 reliqua
583 480 683 565 effen
711 480 913 555 cohortibus
927 410 1170 582 equitibuiique
1185 483 1257 557 cir·

166 595 170 606 ’
213 581 384 656 cumdatr's
399 580 695 677 imperat,utuno
705 577 777 652 ielu
788 580 1057 671 contenderent,
1071 605 1186 677 neque
1199 605 1258 654 re-

176 744 179 754 .
211 680 410 764 mitterent,
427 676 639 752 donecultra
648 676 791 751 ultimos
800 676 905 750 colles
915 678 1027 752 hostes
1039 678 1255 776 repuliss'ent,

165 790 191 877 5
213 795 317 876 atque
333 798 456 850 eorum
471 773 577 849 ell'ent
592 774 705 872 potiti.
729 773 870 872 Itaque,
894 773 993 874 figno
1013 778 1116 868 dato,
1138 799 1256 874 quum

195 884 197 889 '
215 873 280 947 'am
299 873 411 948 hostes
427 871 589 973 languide
605 872 889 974 negligenterque
904 874 969 945 tela
978 874 1175 964 mitterent,
1194 873 1256 948 su-

206 898 289 1047 irito
305 969 464 1045 immittit
477 971 653 1068 qohortes,
665 970 860 1069 turmasque
872 968 1031 1057 suorum,
1045 993 1150 1070 atque
1160 994 1256 1070 pun·

211 1067 273 1143 ἂο
289 1087 358 1143 tem
410 1068 479 1153 ris,
504 1067 660 1142 hostibus
684 1066 783 1143 nullo
809 1067 950 1166 negotio
976 1094 1099 1166 campo
1124 1069 1256 1167 pulsis,

209 1165 290 1264 post
306 1167 362 1241 col
377 1190 503 1268 emque
516 1164 675 1266 dejectis,
686 1164 777 1240 noeti
791 1164 931 1251 locum,
948 1187 1050 1265 atque
1061 1167 1109 1239 ibi
1128 1167 1257 1266 paulli·

209 1263 287 1362 sper
304 1263 527 1356 commorati,
541 1265 637 1338 itaut
647 1261 929 1348 erantinstrueti,
947 1263 1110 1338 leniterse
1124 1265 1166 1336 ad
1177 1263 1254 1338 suas

165 1359 168 1367 ’
208 1361 383 1460 recipiunt
397 1361 625 1437 munitiones:
652 1361 806 1459 itemque
820 1358 998 1434 adversarii
1014 1363 1102 1436 male
1117 1358 1254 1462 accepti

208 1475 286 1535 tunt
299 1459 440 1534 demum
460 1460 492 1534 se
506 1460 548 1533 ad
558 1459 615 1534 sua
629 1457 783 1559 praefidia
795 1459 1031 1534 contulerunt.

165 1585 184 1637 1
258 1555 367 1631 XlX.
392 1556 535 1631 Interim
550 1582 588 1632 ea
604 1581 641 1631 re
657 1555 771 1657 gesta,
783 1555 821 1629 δε
839 1556 967 1653 proelio
985 1557 1178 1656 dirempto,
1201 1581 1251 1632 ex

113 1733 116 1737 ,
209 1651 405 1729 adversariis
420 1653 576 1755 perfugae
592 1653 706 1754 plures
721 1678 767 1727 ex
782 1655 880 1728 omni
896 1654 1078 1729 hominum
1093 1678 1218 1754 genere
1234 1711 1250 1748 ,
1269 1704 1274 1711 ·

208 1750 247 1826 &
263 1773 425 1849 praeterea
440 1753 620 1848 intercepti
636 1751 788 1826 hostium
804 1751 999 1850 complures
1015 1754 1169 1852 equites,
1188 1777 1251 1852 pe·

207 1847 385 1947 ditesque:
410 1875 454 1924 ex
469 1849 595 1949 quibus
607 1850 790 1949 cognitum
805 1848 855 1922 est
875 1849 1023 1923 hostium
1042 1849 1250 1940 confilium,

207 1969 267 2020 eos
279 1947 340 2020 hae
356 1970 492 2038 mente,
515 1949 695 2022 &conatu
712 1946 860 2032 venille,
884 1965 924 2020 ut
942 1973 1037 2022 novo
1052 1962 1155 2048 atque
1168 1948 1250 2022 inu·

206 2041 308 2118 fitato
323 2067 450 2144 genere
464 2044 582 2140 proelii
599 2044 728 2118 tirones
746 2101 758 2135 ,
780 2043 1029 2143 legionariique
1046 2045 1145 2143 pauci
1168 2071 1251 2146 per-

208 2141 366 2228 turbati,
390 2160 401 2195 ¹
421 2142 587 2216 Curionis
600 2142 761 2239 exemplo
776 2141 819 2213 ab
843 2141 999 2238 equitatu
1015 2143 1250 2220 circumventi

160 2259 187 2312 2
209 2240 506 2339 opprimerentur:
533 2258 547 2291 2
566 2241 602 2315 δί
620 2239 665 2313 ita
680 2238 875 2314 Labienum
887 2239 1008 2315 dixisse
1022 2266 1086 2338 pro
1104 2242 1251 2316 concio·

207 2360 253 2411 ne
277 2361 287 2423 3
311 2357 440 2410 tantam
458 2336 523 2412 sese
543 2337 803 2411 multitudinem
818 2336 1028 2410 auxiliorum
1048 2339 1250 2417 adversariis

190 2434 546 2510 'subministraturum
564 2493 576 2527 ,
600 2456 640 2509 ut
656 2434 758 2509 etiam
777 2434 942 2507 caedendo
960 2433 995 2506 in
1012 2436 1080 2532 ipsa
1097 2435 1249 2513 vietoria

159 2545 182 2635 3
206 2531 338 2636 fatigati
350 2533 592 2627 vincerentur,
611 2530 744 2631 atqueai
756 2530 821 2604 suis
836 2528 1121 2628 superarentur,³
1141 2534 1250 2635 quip-

1132 2659 1250 2733 ,pe

206 2787 247 2832 ις.
272 2774 304 2824 de
323 2774 472 2825 Alexandro
496 2778 534 2825 M.
560 2776 591 2822 ob
615 2769 705 2822 bacilli
736 2768 806 2817 venit
824 2770 873 2830 Jul.
890 2774 961 2835 celsus
979 2809 987 2832 ,
1005 2785 1032 2824 ut
1047 2787 1118 2841 patet
1136 2788 1167 2822 tx
1182 2788 1262 2842 pag„

203 2844 322 2905 quatriduo
334 2844 472 2904 perseverato
488 2843 559 2889 inedia
575 2839 610 2901 est.
638 2843 703 2897 Sym·
737 2843 794 2885 218.
811 2835 885 2888 editt.
904 2839 1018 2892 Londin.
1037 2847 1099 2891 Non
1119 2838 1178 2889 sane
1198 2840 1250 2889 de-

203 2911 293 2956 maelrrrt
308 2906 354 2957 lib.
372 2924 394 2958 1.
414 2907 490 2973 Epist,
507 2922 548 2957 xc.
565 2911 628 2954 vtes
640 2904 705 2965 nostri
737 2895 914 2966 setlptotibm,
930 2921 957 2957 ut
966 2906 1026 2958 fecit
1038 2910 1062 2968 J.
1082 2912 1111 2956 G.
1122 2909 1229 2952 Gravius
1240 2944 1251 2966 ,

202 2974 307 3036 deligens,
325 2975 445 3037 religiosam
459 2976 616 3034 observantiam
633 2974 704 3036 perse·
736 2963 780 3014 sed
795 2968 841 3036 ipsr
859 2975 916 3035 Celso
932 2974 982 3026 hoc
1002 2972 1122 3024 mendum
1131 2969 1251 3032 imputa-

202 3054 259 3085 vara
275 3056 283 3095 3
299 3037 341 3087 ubi
356 3040 394 3088 vir
411 3037 564 3089 dottiffimus
580 3043 620 3088 fr.
636 3041 705 3100 Jurr·
736 3034 793 3083 tim.
827 3043 924 3092 Dorias.

200 3115 238 3150 rus
246 3106 320 3168 plura
337 3104 402 3154 hanc
412 3107 439 3155 in
454 3121 509 3155 rem
523 3106 705 3171 exemplacol-
770 3117 794 3157 3.
811 3105 898 3169 Quippe
911 3109 950 3171 qur'
964 3107 987 3151 in
1001 3105 1088 3149 illorum
1098 3098 1248 3159 fibicvnfide-

201 3169 274 3234 legit.
289 3170 291 3177 '
309 3175 404 3221 navias.
737 3181 770 3216 rar
789 3173 951 3230 multitudine]
974 3168 1023 3217 Hie
1051 3166 1115 3215 mire
1136 3164 1245 3222 turbant

235 3251 259 3285 1.
280 3241 375 3284 Curionis
390 3237 496 3304 exemplu]
512 3234 650 3288 Historiam
665 3239 703 3288 vi·
737 3238 790 3284 MS.
810 3239 877 3284 aare.
903 3240 929 3288 ει
949 3233 1021 3283 editt.
1037 3238 1105 3299 Rom.
1128 3238 1178 3280 Ven.
1198 3240 1245 3283 Be-

200 3301 232 3352 de
246 3299 291 3352 lib.
306 3319 343 3354 tt.
361 3308 387 3354 B.
398 3307 430 3356 C.
440 3321 512 3373 capp.
529 3321 568 3367 ῃ.
586 3307 612 3355 δι
629 3301 700 3372 seqq.
736 3300 808 3348 roald.
834 3303 907 3364 steph.
933 3301 961 3350 in
977 3301 1009 3349 iis
1025 3302 1095 3349 enim
1111 3298 1146 3348 est
1164 3315 1245 3366 quippe

197 3371 260 3417 Idem
334 3372 338 3378 ’
736 3369 812 3430 quiin
828 3369 886 3413 nullo
903 3369 992 3414 iliorum
1001 3368 1042 3426 fibi
1060 3367 1189 3428 confiderem
1206 3383 1243 3421 ex

232 3455 256 3486 2.
276 3443 306 3486 Er
320 3440 352 3486 ita
371 3441 489 3487 Labienum
508 3438 583 3498 dixiffc
596 3450 636 3500 prr
651 3454 700 3484 con·
734 3444 785 3495 qua
801 3429 911 3481 leffione
932 3429 1031 3483 sensum
1054 3431 1175 3482 idoneum
1192 3448 1243 3486 ex·

196 3505 270 3566 donc]
288 3504 366 3556 Edirt.
382 3511 441 3572 ‘Rom
465 3508 515 3553 Ver.
536 3505 635 3565 amala,
652 3501 700 3549 ba.
732 3494 838 3544 tundere
860 3496 948 3550 frustra
973 3513 1078 3550 conatus
1105 3499 1139 3549 est
1167 3501 1241 3559 Joan.

195 3566 256 3620 bent
275 3573 301 3623 dr
316 3578 348 3620 lta
363 3570 455 3636 Jubam
471 3568 547 3628 dixisse
560 3583 598 3627 pro
617 3585 698 3613 conca-
756 3564 888 3623 bellicarum
906 3569 1068 3627 firmantem
1079 3568 1240 3630 Glandorpius,

193 3652 236 3694 ηις
252 3635 286 3686 fic
302 3641 328 3688 δι
345 3642 397 3686 Mt.
414 3639 504 3683 Norvic.
523 3632 569 3682 nist
586 3632 655 3698 quod
669 3633 697 3680 in
732 3643 746 3677 a
766 3627 819 3681 dita
834 3635 973 3700 negatione
991 3670 999 3693 ,
1017 3634 1122 3700 corrigit
1136 3637 1160 3682 in
1176 3635 1240 3681 nullo

192 3702 242 3752 illo
257 3702 287 3751 fit
304 3704 369 3757 rma
387 3707 483 3751 omnes
502 3701 588 3757 male3
609 3715 653 3749 rex
670 3714 697 3748 e·
731 3715 773 3746 aaa
787 3701 876 3748 illerum
885 3703 928 3761 fibi
943 3702 1063 3764 confidam.
1085 3705 1139 3750 MS.
1160 3707 1240 3753 Norv.

192 3770 247 3818 nim
264 3765 328 3832 Juba
340 3766 454 3817 nondum
462 3765 557 3816 aderat.
574 3771 647 3816 Hanc
658 3779 697 3814 ta·
731 3770 807 3831 quippe
819 3771 868 3833 quis
882 3786 923 3817 non
937 3772 1027 3818 illorum
1043 3767 1183 3817 multitudine
1192 3765 1240 3824 fiat

179 3849 250 3906 ¹uren
265 3832 403 3886 lectionem
424 3833 514 3913 infun
532 3832 632 3887 codiee
652 3834 695 3907 ing
728 3833 858 3901 confideret,
874 3835 991 3893 undaret
1004 3831 1242 3950 retiueudavulga-

1223 3931 1236 3968 a
