2616 4462
190 246 274 343 ἢὸ
469 250 1068 341 ΝοΜεΝειΑτοιι’

153 374 161 389 “
196 382 248 447 nia
263 382 296 446 &
316 378 421 445 Gallia
436 397 581 467 tanquam
597 400 686 444 muro
700 382 807 454 nativo
821 382 968 466 separant.
998 381 1107 468 Alpia
1125 385 1165 453 δε
1185 386 1243 469 ΑΒ

196 456 392 553 pioniaolim'
407 463 506 530 <iiiios
523 463 607 529 fuisse
622 461 727 530 scribit
743 465 869 532 Strabo.
893 448 1051 550 Steplrano
1067 471 1177 536 etiam
1185 468 1241 541 Al·
1257 484 1263 491 '

195 550 448 636 peia&Alpeioi
456 551 605 615 dicuntur.
629 551 729 633 Olpia
747 553 810 616 lunt
823 552 1011 617 Phavorino.
1034 552 1240 623 Hodiernul-

194 636 236 700 tis
250 636 329 699 locis
345 636 376 698 in
392 635 577 706 Germania,
601 635 699 699 adhuc
716 637 804 699 Allan
825 657 984 705 vocantur.
1007 635 1118 723 Salpii
1136 641 1239 707 viden·

193 716 490 804 turiLycophrone
506 720 673 804 appellatis
697 722 834 784 ut.sentit
851 722 913 807 ejus
924 744 1166 789 commentator
1173 728 1240 792 lsa-

194 805 269 868 cius.
312 805 422 888 Alpis,
444 805 585 890 lingulari
599 825 745 880 numero,
767 806 934 891 aliquando
951 809 1238 895 usurpant-pnite.

187 889 289 971 ,Aban
306 908 398 954 vocat
408 888 566 973 Serapio,
583 911 652 972 cap.
674 891 724 956 De
740 888 838 955 refina.
863 893 913 957 De
929 892 1071 975 Alpibus
1090 895 1166 960 uide
1182 896 1240 961 Al·

189 974 332 1049 ”ciatum‚
353 975 385 1036 in
405 976 647 1039 Commentariis
663 975 702 1038 ad
711 975 860 1049 Tacitum
877 978 927 1042 De
941 977 1089 1042 moribus
1105 981 1236 1046 Germa·

195 1079 322 1122 notum:
343 1058 392 1121 sed
415 1060 445 1122 in
470 1060 577 1142 primis
599 1058 711 1146 Jostam
728 1057 912 1138 Sitnlerum,
935 1062 967 1125 in
981 1060 1124 1142 libello,
1147 1085 1237 1153 quem

167 1191 170 1198 .
194 1143 246 1208 De
261 1142 399 1227 Alpibus
414 1145 572 1229 inscripfit.
815 1156 820 1167 ’

234 1228 474 1312 Amagetrobia.
507 1232 680 1312 Ignoratur.
703 1228 774 1294 vide
792 1229 997 1314 Magetrobia.

233 1314 392 1378 Ambarri.
415 1315 573 1378 Celtarum
587 1314 705 1397 populi.
728 1315 921 1400 ignorantur.

235 1398 397 1463 Ambiani.
423 1398 551 1480 Belgicae
570 1418 658 1480 gens.
682 1404 813 1476 Amiens,
836 1399 946 1472 hodie,
969 1399 1136 1469 Picardiae
1159 1404 1236 1472 urbs

195 1482 388 1545 Ambianum
411 1484 543 1563 primum
561 1479 842 1549 ¹sommonobriam
858 1485 992 1558 diblam,
1013 1487 1133 1551 scribit
1152 1488 1236 1575 Sige-

65 1578 69 1587 '
180 1565 312 1639 bertus:
335 1563 892 1644 srSamarobrinamvolueritdicere,
912 1570 1005 1642 falle,
1027 1591 1108 1634 cum
1117 1594 1159 1637 ex
1169 1577 1235 1640 Ca·

191 1650 257 1713 sare
270 1655 303 1716 δε
318 1652 480 1715 Antonino
495 1653 626 1717 diversas
642 1651 699 1716 else
714 1655 804 1719 urbes
819 1654 943 1719 constet.
966 1655 1145 1723 Ambiano
1152 1659 1234 1729 idem

189 1733 368 1800 Antoninus
383 1737 491 1803 tribuit
505 1739 564 1823 leg.
580 1746 707 1801 xxrra.'
736 1785 738 1789 a
763 1734 766 1739 ’
827 1790 830 1794 .
1093 1746 1097 1751 ’
1136 1744 1169 1757 ’“
1209 1778 1212 1785 -

232 1821 416 1885 Ambibarii
432 1824 509 1887 inter
525 1822 749 1896 Aremoricos,
769 1821 957 1905 ignorantur.

232 1906 423 1971 Ambialites
434 1929 486 1972 aut
507 1908 695 1971 Ambiliates
710 1908 741 1970 in
757 1906 899 1984 Celtica,
919 1910 1121 1995 ignorantur.

231 1991 426 2056 Ambivariti
443 1993 474 2055 in
493 1994 618 2076 Belgio,
640 1993 830 2074 ignorantur.
1157 1990 1161 1997 '

234 2077 378 2141 Anartes.
403 2077 516 2142 Caesari
534 2080 597 2141 sunt
610 2078 718 2159 populi
728 2077 824 2141 Dacis
832 2077 934 2143 vicini.
952 2078 1103 2155 Walacbt',
1121 2086 1230 2161 Seruii.

146 2183 149 2191 ·
193 2164 360 2246 wulgari
374 2205 384 2235 ,
404 2163 470 2226 suut
489 2162 588 2226 Blasio
604 2162 784 2244 Vigenereo.
1104 2166 1108 2171 '

236 2247 406 2311 Ancalites.
430 2246 596 2312 Britannia
615 2246 715 2309 insulae
741 2244 856 2329 populi.
885 2247 1023 2320 Ankelut,
1046 2249 1228 2318 Glareanoz

193 2328 252 2397 fle
266 2331 391 2397 hundred
406 2333 442 2416 uf
451 2336 571 2411 Henlep,
594 2331 765 2394 camdem.

238 2415 355 2481 Andes.
376 2422 415 2479 Le
425 2417 520 2481 Durbe‘
532 2419 669 2502 d’Anjou.
688 2416 809 2482 Civitas
817 2414 1010 2500 Episcopalis
1018 2415 1230 2509 Juliomagus,

192 2500 220 2563 la
235 2504 297 2562 ville
310 2503 470 2584 d’Angiers.
743 2538 746 2543 ·
884 2512 887 2517 ’
1106 2536 1111 2546 ’

235 2586 399 2649 Antuates.
422 2585 493 2650 vide
510 2587 691 2651 Nantuates.
1306 2651 1308 2661 .

234 2671 411 2754 Aquitania.
447 2672 595 2754 Augustus
611 2670 710 2734 divifit
729 2668 932 2753 Aquitaniam
948 2669 979 2733 in
996 2687 1057 2733 tres
1074 2675 1230 2740 maxima!

190 2756 387 2839 provincias:
408 2756 541 2841 primam
558 2755 781 2842 Aquitaniam,
804 2754 888 2837 cujus
905 2754 1093 2838 metropolis
1115 2759 1228 2824 Avati-

192 2858 263 2903 cum
281 2841 452 2924 Biturigum
463 2842 643 2907 cuboruma
656 2840 817 2906 secundam
829 2840 1053 2925 Aquitaniam,
1065 2840 1227 2923 cujusme·

191 2925 323 3008 tropolis
343 2927 504 3011 Burdigala
529 2928 699 3011 Biturigum
710 2925 930 2990 Vibiscorum:
953 2924 1073 2989 tertiam
1088 2925 1227 2993 Novem·

190 3010 414 3094 populauiam,
435 3013 519 3095 cujus
528 3034 620 3096 caput
630 3011 765 3095 Augusta
775 3011 980 3074 Ausciorum:
1002 3009 1225 3097 Eaest,quam

192 3095 295 3160 Caesar
311 3098 513 3182 Aquitaniam
530 3117 640 3170 vocat,
662 3115 811 3159 contenta
832 3097 912 3160 intra
930 3097 1148 3168 Garumnam,
1171 3098 1225 3179 Py.

191 3201 313 3257 renem,
336 3186 370 3248 δι
388 3183 561 3245 Oceanum.
582 3181 734 3246 Hodieab
752 3179 997 3266 ipfisAquitanis
1013 3184 1225 3248 vocatur-Va.

190 3264 311 3330 sconia:
330 3286 424 3350 quum
446 3267 623 3350 Aquitaniae
641 3287 751 3330 nornen
769 3267 859 3329 latius
877 3279 993 3347 pateat.
1037 3259 1157 3355 ltaque
1174 3287 1224 3333 aa.
1301 3286 1307 3299 ¹

189 3351 334 3430 gulliores
348 3350 422 3412 fines
436 3353 504 3415 sunt
514 3352 693 3434 Aquitaniae
702 3350 850 3422 Caesaris,
871 3367 963 3430 quam
973 3363 1006 3410 ut
1014 3360 1146 3415 terrram
1156 3354 1226 3439 pat-¹¹

189 3449 251 3495 tem
269 3433 379 3497 Galliae
398 3432 498 3500 facere
516 3442 617 3520 poffit.
1095 3464 1097 3469 '

231 3540 324 3603 Arar.
344 3539 456 3606 Gallia:
472 3532 804 3608 Narbonenfisfluvius'.
827 3538 1131 3624 Plinio&Virgilio
1141 3539 1227 3621 Ara-1

188 3621 230 3685 ris
243 3623 294 3691 est.
316 3623 369 3689 Ab
387 3627 460 3689 Am.
474 3627 658 3691 Marcellino
672 3625 815 3708 Sangona
829 3627 982 3709 appellari
997 3627 1108 3691 scribit
1126 3629 1227 3694 Para*

188 3705 294 3774 dinus:
317 3704 478 3777 Sauconna
492 3733 549 3796 ugo
565 3713 646 3797 apud
664 3711 882 3775 Marcellinum
895 3711 973 3794 lego.
996 3712 1136 3777 Videtur
1144 3711 1228 3780 Sco·

187 3808 237 3887 la}
247 3792 265 3863 ὲ
281 3794 419 3888 Polybio
436 3797 600 3888 appellati.
641 3795 749 3883 Hodie
764 3801 852 3877 Saone
871 3815 1009 3885 vocatur.
1029 3796 1236 3969 Αιιᾶοῐβῦυξ
