2616 4462
166 262 244 366 386
392 259 441 340 C.
465 266 497 362 J.
520 263 744 344 cnonas
766 261 1019 347 Couunut.
1128 291 1132 320 ¹

119 398 124 410 '
164 389 254 463 urbe
267 383 540 483 tribuniplebis,
563 387 699 487 seseque
712 378 752 464 ad
771 388 939 464 Caesarem
956 391 1200 472 conseruatis

163 509 209 560 oo
223 506 380 587 tempore
394 506 465 559 erat
481 487 686 577 Ravennae,
709 487 992 591 exspesiabatque
1013 489 1079 566 suis
1098 492 1200 566 lenis·

74 586 78 593 '
165 582 619 682 fimispostulatisresponsau
637 584 925 683 fiquahominum
935 589 1096 687 acquitate
1116 606 1128 640 ¹
1147 615 1200 666 res

164 682 208 755 ad
225 684 337 755 otium
361 681 485 755 deduci
501 681 622 779 posset.
957 757 963 770 α

120 786 138 843 1
212 779 249 856 V
260 782 287 853 Ι.
315 779 489 857 Proxiniis
502 775 625 852 diebus
643 774 788 851 habetur
804 778 936 854 senatus
950 802 1044 856 extra
1061 781 1198 858 urbem.

166 876 356 1044 Iffompp'us
369 876 487 948 eadem
502 874 579 961 illa,
606 899 685 974 quae
700 900 760 972 per
774 878 968 973 Scipionem
989 880 1198 965 ostenderat,

117 980 144 1033 2
165 977 258 1072 agit3
296 991 414 1046 enatus
432 975 597 1048 virtutem
613 972 905 1068 constantiamque
921 976 1111 1064 collaudat3
1137 1002 1197 1049 co-

164 1073 235 1170 pias
247 1071 318 1145 suas
333 1071 477 1167 exponit
492 1101 503 1159 ς
528 1071 681 1170 legiones
697 1073 818 1145 habere
836 1071 901 1148 sese
917 1097 1043 1168 paratas
1057 1100 1093 1148 x.
1110 1100 1198 1171 prae·

165 1189 256 1242 terea
271 1167 453 1267 cognitum
473 1189 760 1267 compertumque
775 1167 856 1260 sibi,
880 1171 990 1240 alieno
1001 1171 1065 1243 efl'e
1081 1173 1197 1245 animo
1218 1230 1220 1235 ,

163 1264 200 1353 io
214 1263 384 1339 Caesarem
394 1265 541 1358 milites,
561 1267 720 1364 nequeiis
737 1266 830 1362 posse
846 1266 1056 1364 persuaderi,
1071 1292 1197 1362 uteurn

111 1377 139 1459 -3
162 1360 348 1436 defendant
366 1419 378 1451 ,
400 1383 460 1435 aut
475 1362 673 1461 sequantur.
688 1364 756 1438 De
774 1363 914 1459 reliquis
931 1363 1032 1438 rebus
1047 1367 1087 1438 ad
1105 1367 1198 1440 sena-

163 1477 238 1534 tum
250 1458 416 1548 refertur,
433 1480 561 1535 totuut
576 1460 671 1533 ltalia
686 1459 838 1535 delectus
851 1460 1034 1550 habeatur'3
1051 1464 1206 1543 Faustus

155 1575 178 1621 *2
196 1557 295 1657 Sylla
311 1583 375 1656 pro
392 1559 497 1630 Praet.
517 1558 553 1630 in
568 1557 822 1630 Mauricianiarn
842 1559 998 1630 mittatur
1018 1585 1027 1630 :
1053 1561 1198 1657 pecunia

110 1651 140 1748 4
162 1655 215 1731 uti
229 1680 273 1729 ex
285 1654 405 1729 aerario
424 1655 595 1754 Potnpejo
610 1655 722 1730 detur.
748 1653 920 1729 Refertur
937 1656 1037 1730 etiam
1057 1659 1100 1730 de
1115 1681 1197 1757 rege

159 1751 249 1847 Juba
265 1811 277 1843 ,
301 1775 341 1826 ut
356 1751 465 1826 socius
483 1751 524 1826 srt
538 1775 642 1850 atque
657 1751 795 1825 amicus.
827 1752 1014 1841 Marcellus
1028 1778 1111 1825 vero
1126 1754 1197 1848 pas·

159 1849 675 1950 surum'seiupraesentianegat.
700 1849 757 1925 De
773 1849 900 1923 Fausto
910 1849 1052 1948 impedit
1062 1851 1194 1950 Philip-

193 2061 217 2097 t.
234 2053 279 2116 ‘Res
295 2046 326 2094 ad
338 2048 407 2093 otium
419 2046 493 2093 &duci
507 2045 596 2110 poffu]
615 2048 660 2094 Pa·
695 2047 765 2092 Nam
790 2059 830 2093 cur
852 2061 906 2095 non
930 2045 962 2094 de
985 2044 1074 2095 Fausto
1095 1975 1198 2111 qualique

159 2115 253 2164 cem&
267 2112 488 2178 tranquillitatem.
508 2113 545 2161 Sic
557 2108 602 2160 lib.
613 2112 659 2161 iu.
694 2106 812 2175 scriptum
842 2114 887 2160 sc.
912 2109 1007 2160 scilicet
1022 2113 1081 2177 quia
1097 2114 1196 2164 irritum

160 2184 188 2228 Β.
199 2183 231 2228 G.
248 2195 303 2244 cap.
323 2192 393 2228 txvt.
412 2179 456 2225 Aul
471 2180 549 2241 ruliqui
564 2181 661 2242 temporis
694 2173 742 2223 fuit
758 2174 931 2226 intercessione
947 2177 1052 2226 Tribuni
1072 2193 1079 2224 ι
1096 2191 1137 2227 aut
1153 2178 1197 2229 diu

156 2258 231 2308 pacem
244 2260 309 2310 arque
326 2247 408 2293 orium
419 2244 502 2308 profici.
520 2248 557 2292 Ac
566 2240 660 2293 lib.11.
692 2239 805 2290 Faustum
833 2239 965 2294 obtinuisse
990 2245 1193 2302 Mauritaniam,

158 2313 188 2359 Β.
199 2314 229 2359 C.
248 2325 302 2376 cap.
315 2325 406 2360 xxxva.
424 2313 510 2357 Erotio
523 2311 594 2372 oppido
601 2313 660 2356 mul-
693 2302 736 2355 sed
759 2311 807 2356 SC.
824 2323 877 2356 non
885 2305 1119 2374 perscriptumelse,
1135 2313 1197 2375 quia

157 2377 228 2422 titudo
244 2378 334 2436 insolens
351 2376 400 2422 lulli
418 2409 426 2432 ,
443 2376 584 2422 diuturnitate
602 2377 658 2425 otii.
693 2370 816 2422 Tribunus
839 2370 1006 2424 intercesserat
1025 2390 1032 2421 t
1056 2389 1123 2424 certe
1142 2392 1197 2425 non

158 2440 223 2489 Vide
243 2444 269 2492 dt
289 2439 437 2506 scriptorem
450 2437 483 2489 dr
506 2441 570 2491 Bell.
588 2438 658 2507 Hisp.
691 2439 794 2488 invenio
811 2453 954 2505 quenquam
962 2442 989 2488 in
997 2441 1140 2506 Pigi0,qui
1149 2457 1196 2506 pto

158 2521 215 2572 cap.
235 2523 305 2559 xtra.
335 2510 435 2556 navus.
689 2516 794 2569 praetore
810 2503 988 2554 administrarit
997 2507 1197 2556 Mauritaniam:

193 2590 217 2622 2.
236 2574 299 2633 Sylla
315 2585 414 2636 prrpraer.
434 2575 457 2619 in
471 2574 657 2620 marianum]
692 2569 757 2619 unde
772 2568 804 2617 de
822 2572 891 2636 Sylla
910 2586 995 2620 verum
1008 2567 1056 2619 ess'e
1075 2569 1192 2638 suspicor.

145 2643 189 2691 ‚In
206 2655 229 2688 v.
247 2654 270 2688 c.
294 2641 320 2689 δι
341 2635 409 2687 milis
429 2640 516 2699 cuiae.
538 2633 659 2703 Bongars.
693 2634 739 2683 Sed
753 2636 856 2685 tertium
873 2639 925 2698 jam
952 2635 1078 2686 succurrit.
1111 2639 1219 2687 uimi-'·

158 2706 213 2754 l’al.
231 2716 285 2753 erat
291 2718 393 2768 propere,
410 2699 543 2767 corrupte,
558 2716 585 2752 ut
602 2702 659 2753 aliis
692 2716 746 2750 rum
764 2702 846 2765 potuit
864 2704 932 2766 Sylla
947 2718 994 2767 pro
1010 2701 1196 2767 quaestoremis·

140 2772 237 2832 -etiam
254 2771 317 2819 locis
336 2767 423 2832 propere*
442 2766 561 2834 scriptum
576 2781 630 2818 erat
651 2802 659 2824 ‚
691 2763 730 2815 sus
746 2763 817 2815 fuisse
829 2769 857 2815 in
873 2771 1056 2817 Mauritaniam
1072 2805 1079 2826 ,
1097 2784 1149 2833 quac
1159 2769 1196 2818 di·

157 2834 201 2885 ubi
217 2831 266 2884 eise
283 2846 428 2900 oportuerat
448 2848 548 2898 proprus.
584 2832 658 2898 Apud
691 2833 776 2897 guitas
795 2834 879 2882 minor
895 2832 938 2882 esi.
955 2838 1024 2883 Nam
1041 2849 1099 2883 eum
1116 2833 1198 2900 publi-

157 2903 311 2951 Ciceronem
329 2897 375 2950 lib.
395 2915 433 2949 rx.
452 2898 521 2965 episi.
538 2900 570 2948 ad
579 2901 658 2949 Attio.
693 2913 723 2946 co
738 2900 765 2946 in
781 2914 883 2947 munere
899 2894 969 2948 sitisse
985 2901 1069 2948 nullus
1089 2899 1198 2956 dubito,

156 2967 261 3033 epium.
278 2967 371 3033 legitur
384 2965 591 3031 Faustusproquaess.
615 2965 661 3014 Sed
693 2965 753 3028 quia
772 2965 800 3013 in
823 2963 919 3030 epistol.
945 2968 1059 3031 Pompeii
1077 2965 1109 3014 ad
1136 2962 1195 3016 cois.

156 3033 185 3082 in
201 3029 349 3082 Bess'arionis
366 3029 470 3088 codice,
486 3043 512 3080 ut
530 3031 661 3080 Manutius
692 3030 796 3079 invenio
810 3032 921 3079 militem
932 3029 963 3079 ab
974 3047 1006 3080 eo
1016 3033 1118 3082 ledum.
1144 3038 1196 3081 Er·

156 3099 210 3156 ait,
226 3102 280 3147 er'at
292 3095 659 3161 prope,eodemmodoc'orru-
690 3107 726 3144 tat
743 3111 773 3144 ea
787 3093 832 3146 lib.
850 3113 923 3145 vrri.
941 3097 1011 3163 epist.
1029 3114 1102 3148 xvir.
1130 3096 1196 3162 apud

155 3176 229 3229 ptum
244 3179 275 3212 er
292 3176 389 3227 propraet.
408 3166 521 3228 quare&
536 3165 573 3213 ita
583 3160 660 3212 scribe
692 3163 844 3209 Ciceronem
861 3161 895 3209 ad
909 3166 1031 3214 Atticum.
1057 3166 1092 3212 ait
1109 3166 1196 3212 enim:

156 3231 223 3295 apud
237 3232 398 3279 Ciceronem.
417 3229 463 3278 Sed
473 3245 530 3278 cum
545 3227 611 3278 infra
622 3227 660 3276 di·
694 3244 743 3273 cum
759 3231 785 3273 iis
801 3231 903 3274 militibus
912 3230 1129 3292 quosFaustu'slegit.
1148 3228 1196 3278 Sed

156 3308 243 3353 eatur,
260 3294 660 3358 deFuustoimprdir‘PhilippusTrib.
695 3292 731 3340 ait
749 3288 832 3343 Caesar
854 3328 862 3350 ,
885 3292 916 3341 de
932 3296 1036 3361 reliquis
1061 3293 1131 3344 rebus
1148 3299 1197 3345 SC.

153 3364 186 3474 pl.
206 3360 343 3411 videndum
351 3359 481 3424 quomodo
493 3360 660 3410 nihilominus
693 3354 890 3421 perscribuntur:
907 3360 993 3425 itaque
1003 3360 1135 3412 ostendunt
1145 3359 1198 3410 haet

183 3429 307 3477 cicerone
317 3440 411 3490 proprus.
430 3425 534 3474 dicatur.
545 3425 661 3475 Arbitror
693 3420 786 3481 verba,
805 3423 855 3472 hoc
879 3423 909 3472 rie
927 3427 1015 3477 Fausto
1037 3440 1119 3475 ratum
1143 3443 1197 3476 non

155 3489 314 3543 intercessissie
331 3489 475 3547 tribunum,
493 3490 562 3555 quod
578 3487 660 3539 Caesar
679 3484 771 3538 *fuisse
790 3503 865 3553 arque
880 3491 917 3537 ita
934 3494 960 3541 δε
978 3490 1068 3541 -Catsar
1085 3527 1092 3550 ,
1110 3496 1136 3542 δι
1154 3493 1198 3540 ci.

156 3559 212 3616 ait,
227 3552 568 3607 sednihilintereaeiseeisse.
587 3556 661 3605 Alio·
692 3568 749 3601 cero
766 3555 832 3605 reste
848 3552 941 3604 habeat
957 3575 964 3605 ε
989 3559 1109 3606 nimitum
1120 3561 1196 3608 'vole-

175 3626 201 3672 ui
224 3641 277 3673 non
295 3635 393 3688 poterat
413 3637 476 3674 reum
499 3623 599 3671 Tullius
615 3636 660 3669 eo-
691 3616 753 3667 bant
770 3621 865 3684 Syllam
873 3625 956 3669 Patres
972 3638 1020 3687 pro
1028 3625 1198 3687 praetoremit·

155 3638 217 3738 dem
234 3692 339 3738 romine
357 3701 388 3752 ap
422 3690 494 3736 liare.
530 3687 577 3736 sed
593 3685 658 3735 illud
691 3696 744 3732 tere
765 3687 792 3733 in
813 3687 1011 3747 Mauritaniam,
1035 3686 1077 3737 sed
1102 3688 1199 3739 obstitit

155 3754 184 3804 in
201 3753 298 3806 Caesare
311 3752 387 3806 adver
401 3767 457 3803 arur
471 3788 480 3813 ,
496 3753 566 3817 quod
579 3750 660 3802 srtbdit
692 3748 816 3801 Tribunus
840 3766 846 3798 r
864 3766 940 3816 quart
954 3769 1003 3823 pro
1016 3754 1134 3821 questore
1150 3754 1198 3812 ab·

155 3823 182 3872 de
212 3824 300 3890 reliquis
327 3822 387 3871 relus
414 3823 459 3872 SC.
485 3821 658 3890 perscribuntur.
688 3817 730 3868 iic.
762 3816 896 3880 Misius.
