2616 4462
224 293 331 402 366.
441 289 1074 390 c.J.Catsaa1sconnaaa.

227 421 289 493 ubi
302 416 373 492 erat
390 416 476 516 ipsc,
501 415 654 489 celeriter
668 415 842 516 aggressus
857 416 1084 518 Pompejanos
1103 439 1148 491 ex
1167 416 1261 493 vallo

141 543 143 546 ⁴
179 541 206 626 5
228 515 459 590 deturbavit.¹
480 513 727 612 Eratobjebtus
743 514 987 611 portiseritius.
1011 515 1067 588 hic
1078 516 1263 616 paullisper

227 612 276 686 est
289 630 494 711 pugnaturn.
520 611 643 704 Quum
655 614 842 704 irrumpere
856 611 963 682 nostri
979 633 1203 697 conarentur,
1220 613 1263 684 il·

226 709 252 780 li
277 707 380 782 castra
400 707 650 797 defenderent,
673 705 851 780 fortissime
875 710 923 781 T.
946 709 1264 807 Pulcione,·cujus

226 804 719 903 operaproditurnexercitum
731 805 1265 893 C.Antoniidcm0nstravimus,

180 904 206 982 6
229 900 249 974 ἒ
272 902 352 977 loco
367 923 621 1000 propugnante.
662 901 730 975 Sed
752 921 865 974 tamen
890 901 996 977 nostri
1020 905 1150 978 virtute
1168 905 1262 980 vice·

227 1021 332 1073 runt:
356 997 468 1072 exciso
494 1023 538 1073 ue
554 997 683 1088 eritio,
707 998 822 1096 primo
837 999 873 1071 in
895 1002 1021 1098 majora
1036 1000 1161 1092 castra,
1183 1000 1262 1102 post

227 1096 331 1170 etiam
346 1096 383 1168 in
397 1022 592 1185 casteilum,
617 1095 712 1193 quod
727 1115 799 1169 erat
817 1095 986 1169 inclusum
1006 1099 1191 1195 majoribus
1205 1122 1262 1172 ca·

226 1191 326 1283 stris,
350 1192 568 1289 irruperunt,
592 1197 682 1281 2&'‚
705 1193 800 1290 quod
815 1218 856 1267 eo
877 1193 970 1290 pulsa
985 1193 1078 1292 legio
1093 1193 1159 1269 sese
1169 1220 1263 1271 rece·

227 1311 343 1386 perat,
368 1290 555 1363 nonnullos
571 1288 616 1361 ibi
627 1310 854 1388 repugnantes
870 1289 1127 1365 interfecerunt.

182 1410 200 1456 1
275 1386 452 1462 LXVIII.
471 1388 537 1462 Sed
545 1385 794 1483 fortuna,quae
803 1385 992 1484 plurimum
1002 1387 1132 1484 potest,
1150 1411 1262 1485 quum

229 1481 266 1554 in
283 1482 422 1582 reliquis
437 1484 567 1575 rebus*
583 1502 658 1556 tum
673 1483 846 1580 praecipue
860 1482 895 1555 in
910 1480 1004 1556 bello
1021 1540 1031 1571 ,
1056 1485 1170 1582 parvis
1185 1511 1263 1561 mo·

199 1647 201 1651 ,
228 1581 354 1653 mentis
374 1604 512 1680 magnas
529 1604 644 1655 rerum
666 1579 953 1654 commultiones
967 1579 1072 1655 efficit
1092 1606 1102 1669 3
1126 1600 1263 1655 utrum

142 1713 148 1722 ·
179 1692 206 1745 2
229 1675 362 1751 accidit.
387 1678 653 1766 Munitionem‚
677 1695 690 1736 ⁸
710 1701 816 1775 quarn
833 1675 1028 1786 pertingere
1050 1678 1070 1752 a
1088 1676 1201 1751 castris
1218 1680 1263 1752 ad
1284 1675 1287 1682 ’

226 1771 358 1849 flumen
374 1774 471 1872 supra
492 1772 828 1864 demonstravimus,
851 1773 961 1847 dextri
986 1775 1129 1849 Caesaris
1149 1799 1262 1849 cornu

226 1870 388 1946 cohortes
413 1871 603 1972 ignorantia
626 1871 695 1944 loci
718 1870 796 1946 sunt
820 1869 974 1961 secutae,
996 1896 1106 1972 quum
1125 1892 1262 1968 portant

227 1989 452 2064 quaererent,
475 1968 735 2066 castrorumque
755 1993 829 2042 earn
848 1968 1076 2043 munitionem
1092 1969 1158 2045 ess'e
1172 1969 1262 2042 arbi·

181 2081 204 2168 3
228 2083 411 2140 tratentur.
452 2064 563 2162 Quod
586 2088 696 2162 quum
718 2064 799 2139 esset
822 2064 1093 2141 animadversum
1116 2068 1262 2165 conjun-

188 2226 192 2231 .
227 2159 319 2240 &arn
336 2161 402 2240 ess'e
418 2161 575 2252 flumini3
598 2163 757 2261 protinus
776 2161 828 2238 his
844 2162 1118 2259 munitionibus,
1141 2164 1262 2335 dgfen·

1185 2283 1263 2336 ente

261 2457 286 2493 t.
309 2452 366 2496 Erat
383 2449 472 2509 objedur
491 2447 561 2510 partis
577 2446 668 2504 eritius]
685 2441 727 2494 15st
758 2457 821 2493 mno
838 2457 845 2490 t
868 2441 886 2493 fi
905 2459 949 2510 pet
964 2442 1038 2494 orbes
1053 2457 1080 2495 ut
1097 2444 1151 2495 diat
1165 2436 1263 2495 intelli·

225 2509 313 2569 trabs,
330 2515 369 2562 cui
384 2512 468 2562 infixa
483 2513 564 2580 pinna
582 2510 686 2568 ferrent
701 2512 728 2560 δι
760 2524 806 2576 gas
821 2505 881 2559 saxa
899 2527 905 2561 r
923 2524 983 2560 nam
1001 2509 1032 2560 de
1045 2512 1108 2562 rotis
1131 2512 1225 2578 ligneis
1241 2509 1261 2560 fi

224 2573 288 2641 saepe
302 2575 435 2627 versatilis.
462 2578 544 2628 Hodie
562 2591 662 2648 quqque
679 2576 728 2624 uti-
761 2576 888 2640 accipias,
905 2575 1003 2624 videtur
1020 2592 1074 2627 non
1089 2591 1197 2644 magnus
1212 2578 1262 2625 im·

223 2654 281 2692 mur
294 2644 325 2691 iis
348 2659 529 2709 nonnunquam
553 2642 585 2691 ad
602 2640 727 2690 obstruen-
758 2653 829 2706 petus
847 2636 895 2689 asse
908 2637 1024 2706 potuisse.
1044 2647 1148 2692 Nomen
1165 2641 1261 2691 machi·

225 2705 271 2756 das
290 2707 527 2774 aquas,nis1quod
543 2724 608 2758 nunc
625 2705 728 2774 superne
759 2721 795 2754 nae
810 2703 842 2754 ab
857 2707 952 2763 ericio,
968 2703 1011 2756 seu
1029 2709 1146 2758 erinaceo
1162 2707 1260 2756 anima-

225 2785 326 2824 tantum
350 2775 431 2825 aculei
453 2774 591 2840 infigantur
607 2790 614 2821 a
636 2776 662 2822 in
678 2773 727 2821 illo
759 2773 787 2821 li.
811 2776 842 2820 sn
856 2775 906 2820 Pet.
926 2775 952 2824 &
968 2773 1019 2823 Pal.
1038 2772 1178 2823 constanter
1192 2785 1263 2821 utto·

225 2853 310 2888 vetere
325 2856 356 2890 ex
373 2835 488 2889 offinibus
506 2837 634 2888 lateribus.
669 2843 726 2886 Me·
759 2851 807 2901 que
816 2837 875 2886 loeo
883 2833 996 2892 scribitur
1004 2842 1089 2891 ericius.
1101 2846 1130 2889 ln
1138 2846 1262 2905 Bongars.

105 2951 113 2955 .
224 2906 301 2956 minit
324 2906 446 2955 machine
470 2903 571 2956 Sisenna
586 2903 651 2972 apud
670 2907 725 2952 No·
758 2900 797 2951 bis
804 2907 892 2962 erycirrs.
910 2902 979 2968 quod
988 2903 1074 2964 addo,
1092 2907 1152 2971 quia
1162 2904 1193 2953 de
1202 2905 1262 2954 lite·

224 2972 296 3020 nium
312 2970 340 3020 in
353 2976 472 3022 verutum
490 2988 496 3019 t
515 2975 618 3034 Saxaque
634 2972 726 3033 ingentia
757 2968 792 3016 tis
811 2967 882 3028 huius
896 2973 965 3021 vocis
980 2968 1105 3037 disputate
1123 2969 1263 3021 (1οᾶ03νί-

225 3038 252 3087 (7¹
266 3056 306 3084 axa
316 3040 475 3097 junciatrabes
492 3071 500 3094 ‚
515 3051 554 3100 per
564 3048 657 3098 pronum
673 3038 726 3082 inci·
759 3033 893 3085 rosvideo.
928 3042 961 3086 D.
974 3037 1058 3098 Voffirts.
1105 3065 1108 3070 ι

224 3105 344 3154 trahantur:
358 3106 474 3168 arcibusque
489 3103 621 3161 eminebant,
637 3103 661 3148 in
678 3117 726 3146 mo-
793 3117 818 3154 2.
835 3106 882 3160 Et,
899 3103 957 3165 quod
971 3119 993 3147 eo
1005 3101 1130 3165 pulsategio
1140 3099 1188 3159 sese
1204 3117 1263 3148 reca-

224 3167 277 3216 dum
291 3172 348 3215 ericii
363 3172 466 3217 militaris
483 3203 490 3226 ,
506 3180 587 3215 veruta
599 3167 672 3215 birram
686 3179 726 3228 pa·
755 3163 1030 3238 p2r41J1'111’etaviano
1046 3168 1074 3221 ri
1091 3176 1117 3228 dr
1134 3172 1263 3226 defidera.

223 3235 285 3280 dum.
310 3238 415 3282 certum
431 3233 465 3282 est
481 3237 566 3283 locum
581 3243 724 3296 corruptum
758 3251 806 3290 mr,
824 3243 953 3298 Palatium
964 3238 1040 3291 habet
1054 3241 1082 3294 aa·
1097 3257 1138 3305 qm
1155 3243 1262 3306 passm.

109 3357 112 3362 ¹
222 3294 279 3349 effu.
298 3305 328 3350 sn
336 3301 414 3349 veteri
423 3298 518 3349 venetas
533 3297 646 3349 editione
656 3299 724 3363 lege·
752 3310 789 3368 gia
803 3308 850 3368 sesa
868 3319 980 3371 receperat.
1023 3306 1173 3373 Legendum
1191 3309 1260 3367 ajo,

221 3361 319 3416 batur:
346 3368 554 3428 Saxaqueingetttia
571 3363 724 3410 carantanae
756 3387 798 3434 quo
811 3374 876 3437 pulsa
891 3376 943 3438 legit
955 3373 1003 3437 fise
1017 3385 1129 3438 ympnus,
1154 3371 1261 3424 [mos.

217 3443 259 3492 per
271 3444 362 3492 pronum
377 3430 526 3478 mutabantur.
556 3427 629 3477 Unde
644 3427 722 3477 sacie-
755 3434 811 3488 ssus,

109 3500 112 3507 .
221 3491 300 3548 hamt
318 3499 419 3557 Saxaque
433 3497 541 3557 ingentia,
557 3495 655 3541 nvinda
663 3495 724 3543 trabe
789 3521 812 3558 3,
838 3507 916 3569 Qm
940 3507 1081 3571 anm]
1109 3501 1260 3554 Rescriben.

217 3574 358 3627 perparuam
368 3560 517 3610 incitabantur.
536 3563 605 3607 Nam
613 3559 660 3607 illa
668 3559 722 3607 vio·
754 3566 814 3618 dnm
829 3578 1015 3636 putoperrirreraa
1032 3573 1115 3622 altera
1132 3571 1202 3620 enim
1214 3585 1262 3621 vo-

222 3629 295 3680 lenta
309 3622 371 3677 verb
389 3623 508 3672 machina
523 3623 541 3674 sr
557 3627 585 3679 in
600 3623 722 3674 lateribus
754 3649 783 3688 ςς
806 3633 929 3701 nusquam
951 3637 1015 3694 alibi
1036 3635 1092 3692 usus
1117 3634 1154 3691 est
1172 3639 1259 3697 Cafar,

220 3697 347 3750 molares,
363 3693 390 3740 in
399 3688 484 3738 medio
493 3693 549 3766 'axla
559 3691 651 3739 verutis
660 3705 721 3761 con·
753 3714 874 3769 perpetuo
898 3717 984 3763 autem
1004 3717 1064 3769 η’
1091 3715 1169 3775 qum
1192 3701 1262 3773 dm·

218 3758 292 3814 fitur.
310 3754 438 3814 Turnebus
455 3751 575 3811 scribebat
592 3772 598 3804 ε
616 3759 719 3819 Saaaqua
751 3770 847 3826 Dm
1167 3781 1169 3785 .
1243 3769 1249 3776 -

216 3829 325 3897 qanta,
341 3827 367 3884 d
382 3823 489 3877 tristare
498 3826 580 3894 janua.
597 3825 660 3877 Non
672 3822 718 3878 da-
818 3878 821 3883 ,
