2616 4462
231 287 294 342 ou
318 267 480 345 uento
506 268 674 346 Crrrut
698 268 800 345 Lau.
825 271 892 347 111.
965 340 972 351 ,
1026 233 1111 376 {51-

59 387 106 466 ni
122 386 246 463 samem
263 390 386 464 nostris
402 389 634 490 objedtatent,
658 392 771 492 vulgo
791 393 899 466 ineos
913 391 1101 491 jaciebant,
1170 441 1174 450 ·

62 486 343 583 utspemeorum
361 489 566 563 minuerent.
639 488 642 491 ’

110 583 259 662 XLIX.
280 588 426 685 Jamque
437 585 609 663 frumenta
628 585 853 661 maturescere
867 585 1100 685 incipiebant3
1127 592 1145 658 't

60 701 167 781 atque
184 682 254 781 ipsa
269 683 343 781 spes
361 685 511 779 inopiam
527 684 756 771 sustentabat3
780 686 875 782 quod
893 686 1047 759 celeriter
1066 687 1100 765 se

62 780 244 854 babituros
260 782 392 878 copiam
412 781 644 857 confidebant.
677 781 868 880 crebroque
882 808 984 858 voces
1007 782 1099 855 mili·
1125 795 1150 845 2

23 953 25 956 ,
60 896 142 951 turn
160 879 196 950 in
214 878 340 953 viviliis
356 878 610 979 colloquiisque
624 880 869 970 audiebantur,
886 883 1019 983 priosfe
1033 907 1102 949 cor·

58 983 122 1046 rice
141 1003 183 1044 ex
202 1002 240 1045 ar
260 975 538 1068 oribus-orituros,
560 1005 653 1075 quam
669 974 850 1079 Panopejum
861 976 1035 1047 emtoribus
1050 977 1103 1046 di·

58 1072 211 1164 mifforos.
235 1073 265 1146 F
267 1093 449 1172 requenter
463 1075 567 1148 etiarn
577 1100 620 1148 ex
630 1073 785 1174 perfugis
800 1072 1099 1174 cognoscebante·
1126 1078 1154 1177 3'

61 1192 155 1337 puos
170 1194 292 1244 eorum
312 1171 373 1245 vix
388 1173 543 1257 tolerari,
560 1173 692 1272 reliqua
705 1196 789 1245 vero
798 1172 955 1269 jumenta
970 1170 1101 1244 interis-

80 1290 118 1353 ες
140 1267 189 1339 uti
204 1289 318 1343 autern
328 1269 417 1366 ipsos
430 1269 625 1343 valetudine
641 1293 713 1342 non
727 1267 837 1355 bona,
862 1293 974 1368 quum
991 1292 1100 1368 angu-
1122 1286 1150 1366 4

61 1360 134 1436 stirs
148 1363 237 1456 loci,
261 1381 275 1416 Ξ
295 1369 332 1440 &
350 1368 458 1440 odore
477 1387 568 1441 tetro
584 1392 628 1442 ex
642 1366 868 1441 multitudine
884 1367 1103 1458 cadaverum,

10 1486 12 1490 ’
53 1460 313 1560 &quotidianis
323 1463 523 1558 laboribus,
544 1465 693 1539 insuetos
703 1484 955 1562 operum,tum
968 1483 986 1516 2
1003 1487 1103 1560 aquae

61 1557 195 1632 summa
212 1560 328 1661 inopia
345 1559 497 1636 allestos.
520 1563 636 1635 omnia
655 1562 745 1637 enirn
762 1561 925 1651 flumina,
949 1579 1102 1658 atqueo-

60 1680 158 1732 mnes
175 1657 288 1749 rivos,
312 1659 374 1758 qui
388 1660 429 1731 ad
440 1684 530 1732 mare
541 1659 779 1758 pertinebant,
802 1658 919 1732 Caesaar
934 1680 992 1731 aut
1004 1682 1102 1731 aver-

60 1774 170 1842 terat,
194 1776 253 1829 aut
271 1754 402 1855 magnis
418 1757 581 1856 operibus
594 1757 821 1832 obstruxerat.
848 1757 983 1854 Atque,
1009 1777 1048 1827 ut
1064 1783 1102 1830 ee

60 1869 140 1925 rant
163 1851 236 1926 loca
254 1854 461 1938 montuosa,
487 1856 524 1928 dt
548 1855 589 1927 ad
607 1854 725 1951 specus
751 1852 917 1952 angustiae
933 1851 1100 1946 vallium,

61 1949 121 2022 bas
138 1947 274 2025 sublicis
295 1951 472 2025 interram
491 1951 631 2045 dimissas
646 1952 880 2051 praesepserat,
905 1968 1101 2046 terramque

59 2046 269 2146 aggesserat,
293 2069 333 2122 ut
351 2072 476 2146 aquam
494 2050 722 2125 continerent.
747 2050 869 2144 Itaque
886 2047 936 2119 illi
957 2047 1098 2121 necessa·
1122 2052 1149 2130 5

60 2147 114 2217 rio
130 2144 205 2218 loca
226 2145 320 2244 sequi
337 2145 492 2230 demissa,
515 2172 554 2220 ac
568 2147 748 2245 palustria,
772 2148 809 2220 ὅ(
825 2165 948 2241 puteos
962 2144 1099 2233 fodere,

56 2241 296 2341 cogebantur:
321 2263 424 2341 atque
442 2245 536 2318 hunc
551 2244 705 2318 laborem
721 2245 761 2317 ad
779 2242 977 2340 quotidiana
996 2267 1100 2340 opera

55 2337 247 2415 addebant:
273 2340 336 2440 qui
351 2361 464 2415 tamen
483 2341 596 2416 fontes
613 2341 632 2416 ὲ
651 2341 854 2441 quibusdam
866 2340 1102 2440 praefidiisab-

1005 2459 1102 2514 Cl‘slsst

57 2539 233 2604 officinm„
247 2539 277 2592 ὡς
289 2539 431 2605 ιῠφμνξηις
443 2541 536 2593 4Μάνη·
554 2541 565 2592 ὅ
594 2538 690 2585 corticem
700 2557 726 2585 ox
734 2540 843 2587 arboribus
857 2551 905 2602 pro
914 2537 1030 2588 arborum
1040 2554 1097 2586 cor-

57 2613 77 2677 5
93 2613 124 2679 gx
139 2610 214 2667 ἤθη,
235 2606 286 2663 JM'
304 2610 363 2667 §w
379 2648 387 2670 ‚
404 2612 465 2668 οἵως
480 2616 566 2680 metm
590 2605 642 2653 tice
657 2602 758 2669 possita
776 2620 821 2653 nec
840 2606 915 2652 aliter
931 2601 1031 2665 hujusce
1039 2602 1099 2652 libri

57 2689 203 2753 ulmam
221 2693 286 2742 Vide
305 2697 331 2745 ἃ
343 2699 468 2743 Suetonium
483 2697 510 2744 in
521 2697 567 2761 Ju„
593 2685 648 2736 cap.
660 2687 746 2720 tvm.
759 2671 864 2731 frondem
872 2688 898 2721 cx
906 2673 1013 2719 arboribus
1023 2669 1096 2719 dixit.

56 2759 97 2808 lio
115 2774 170 2824 cap.
180 2772 283 2808 ravin.
299 2767 333 2810 At
349 2759 364 2810 Ξι
380 2763 467 2822 ‚essoris
479 2776 564 2811 natra-
592 2742 688 2787 Danaes.
1123 2799 1129 2811 .

54 2826 129 2874 tione
147 2824 195 2874 stat
215 2827 345 2888 Plutarchus,
359 2828 387 2876 in
397 2823 494 2877 Cestae
502 2843 562 2895 pag.
625 2845 651 2877 2.
672 2833 747 2892 Aqua
760 2829 849 2888 summa
863 2829 933 2892 inopia
949 2826 1051 2888 affesios]
1068 2831 1099 2878 ln

58 2900 119 2949 726.
154 2894 252 2941 novies.
593 2898 646 2942 Ms.
665 2894 769 2958 quidem
787 2898 880 2942 ciacon.
898 2891 1051 2954 estofficerer3
1071 2907 1099 2943 at

93 2972 115 3007 1.
133 2960 265 3006 odoretcrro
281 2960 455 3008 ermuuitudioe
469 2959 563 3005 cadave-
594 2960 641 3009 reli
661 2962 686 3009 ui
703 2975 792 3009 omnes
811 2959 943 3024 vulgatam
960 2958 1099 3010 restionem

57 3027 132 3082 rum]
158 3026 196 3074 Sic
217 3023 319 3091 reposui
334 3040 365 3074 ex
383 3030 451 3074 Mss.
469 3028 561 3072 Cioccon.
594 2975 735 3075 consanter
752 3027 870 3075 retinent.
886 3029 941 3072 Hoc
949 3036 1036 3073 tamen
1044 3041 1099 3076 uon

56 3090 86 3139 dt
102 3096 192 3139 Norvic.
212 3107 244 3141 ac
261 3094 299 3142 ita
307 3091 397 3144 laudat
415 3092 441 3151 J.
459 3094 487 3139 F.
506 3093 564 3139 Gro·
593 3092 728 3156 impediit,
744 3107 795 3157 quo
811 3091 894 3140 minus
913 3096 961 3139 Por.
978 3095 1099 3140 ciacconius

55 3159 138 3205 novius
161 3155 265 3209 Observa
284 3157 331 3209 lib.
352 3175 391 3208 tv.
415 3171 469 3222 cap.
489 3171 563 3207 xvir.
594 3159 621 3208 de
638 3159 686 3218 Jos.
704 3163 799 3222 Scaliger
813 3156 932 3206 ultimam
946 3172 1036 3206 vocem
1053 3173 1099 3207 ex·

52 3237 114 3272 eum
130 3223 158 3273 in
175 3225 286 3292 vulgatis
310 3223 400 3275 edatur
416 3226 478 3272 odore
492 3236 563 3280 tetro,
594 3223 746 3274 eludendam
760 3219 906 3279 censerent,
923 3221 1099 3335 puibussueei·

53 3290 483 3354 &multitudinecasloveruminepte
509 3304 563 3338 rot·
593 3291 631 3339 nit
652 3292 678 3351 J.
697 3295 723 3342 F.
746 3292 870 3338 Gronovius
887 3286 926 3337 Ob
939 3288 1097 3340 exv.lib.1o.
1202 3342 1205 3346 ,

52 3349 99 3400 sus
117 3369 124 3399 ι
141 3355 204 3405 unde
220 3357 291 3407 enirn
307 3370 373 3406 teter
388 3355 452 3405 odor
464 3305 511 3404 nib
528 3370 560 3404 ex
593 3370 650 3422 cap.
668 3370 742 3409 xvir.
768 3361 830 3406 Non
844 3353 959 3414 accedo,
976 3354 1053 3405 simili
1070 3371 1098 3405 e-

56 3419 218 3472 multitudine
233 3422 407 3472 cadaverum?
424 3419 560 3472 autcutob
592 3424 648 3471 nim
666 3423 746 3472 modo
766 3426 879 3471 Wrrrovius
892 3419 936 3471 lib.
956 3437 979 3472 1.
998 3421 1096 3471 Archit.

55 3483 246 3538 multitudinem
261 3489 413 3540 cadaverum
429 3488 500 3540 mala
517 3502 561 3536 va·
592 3503 647 3555 cap.
661 3504 682 3540 1.
704 3489 776 3549 Hostes
793 3488 1099 3547 horrescerenttimoreeorum

54 3547 175 3600 ietudine
190 3565 314 3606 uterentur
337 3554 484 3620 Pompeiani
511 3587 519 3610 ,
541 3551 561 3601 fi
589 3557 730 3615 fortitudinis
747 3555 827 3618 offerii.
842 3555 950 3603 Locutio
959 3553 1019 3603 sane
1028 3552 1099 3616 carpi

54 3615 183 3667 foetotem
206 3633 257 3670 non
276 3620 430 3674 emittebant
448 3631 562 3670 mortuo-
593 3637 646 3670 non
662 3620 771 3686 potest,
797 3633 858 3668 nam
882 3625 940 3668 mato
960 3620 1015 3680 affici
1032 3617 1100 3667 dixit

54 3699 114 3739 rum
130 3687 252 3747 corporat
269 3689 327 3737 odor
340 3689 560 3737 exmultitodioeco-
592 3689 672 3740 etiam
689 3690 792 3741 Phodrut
814 3683 860 3737 lib.
889 3701 911 3740 1.
930 3683 992 3743 fab.
1013 3700 1039 3750 v,
1057 3700 1100 3751 ιο,

53 3751 167 3799 doveram
185 3747 256 3799 idem
269 3750 303 3802 est
321 3767 350 3805 ac
364 3753 430 3806 odor
446 3753 561 3802 multitu·
591 3758 688 3822 ωηιξη,
1130 3761 1134 3767 ’

56 3810 127 3891 ,diuis
150 3813 328 3890 missum,
348 3834 376 3877 u
389 3819 480 3893 petuo
500 3829 560 3876 aute

771 3854 911 3986 uni*
