2616 4462
211 243 291 350 766
447 237 1072 319 A.H1nn11Con'nrnn.

204 370 369 466 felicitas,
391 393 431 438 ex
439 366 593 462 sententia
606 362 797 458 adversaries
811 363 911 434 adhuc
919 368 1078 470 propulsis
1093 362 1268 447 halem}

213 491 317 537 tamen
331 520 342 551 ,
358 466 390 561 fi
403 487 478 558 eque
497 465 561 532 loeo
570 465 625 552 fiel
635 461 807 562 potestatem
816 463 981 557 facerem,
1003 467 1155 555 celerius,
1174 491 1265 561 quarn

122 598 125 602 ·
162 556 314 660 §vestra
332 567 429 664 opinio
446 561 510 658 est,
532 557 648 628 bellum
668 560 871 652 confecissem.
905 560 970 629 Sed
985 567 1171 632 exereitum
1186 569 1263 636 tire·
1298 650 1302 659 Ι

202 687 288 739 ,num
303 686 363 728 non
380 659 494 731 audent
509 663 542 727 in
556 676 699 756 campum
709 655 879 741 deducere,
902 655 1065 752 nostrisque
1082 659 1195 730 adhuc
1196 664 1264 757 fne-

171 814 173 818 »
215 762 243 827 ti
253 757 396 858 preficliis
411 757 525 826 bellum
539 752 679 831 ducents
702 779 778 824 nam
786 753 927 853 fingulas
942 761 1088 827 civitates
1104 763 1263 855 circumss·

165 853 309 948 'yelents
333 853 405 922 inde
412 853 473 950 fili
489 872 672 922 commeatus
687 856 819 954 capiunt.
844 850 965 949 ,Quare
981 867 1029 925 (Ψ
1046 860 1199 925 civitates
1213 884 1264 927 no-

205 952 348 1045 strerum
358 959 504 1051 partium
520 947 720 1040 conservabo,
746 964 795 1022 (γ’
813 946 927 1019 bellum
935 956 1039 1050 primo
1057 974 1177 1050 quoque
1189 976 1262 1024 tem·

207 1073 283 1152 pore
299 1051 470 1144 conficiam.
499 1046 644 1117 cohortes
668 1061 680 1096 1
701 1052 735 1116 in
748 1052 849 1116 anime
866 1044 960 1116 habeo
983 1048 1026 1118 ael
1048 1074 1105 1119 vos
1125 1056 1260 1125 mittere.

214 1149 355 1239 Profello
370 1146 465 1243 nostro
480 1165 651 1216 commeatu
659 1150 789 1246 privati
797 1200 809 1235 ,
825 1145 980 1237 necessario
993 1145 1034 1216 ed
1044 1145 1262 1231 dimicandu
1295 1178 1301 1191 ·

174 1264 177 1269 '
215 1243 411 1339 descendent.
551 1315 553 1320 ,
1229 1246 1234 1255 ’

164 1341 187 1422 ft
262 1341 426 1416 XXVII.
449 1337 648 1438 Insequenti
665 1357 823 1438 tempore
840 1363 950 1439 quum
965 1340 1072 1416 nostri
1083 1359 1220 1419 temere
1228 1343 1261 1420 iu

214 1463 318 1536 opere
336 1438 474 1511 distenti
489 1440 618 1529 essent,
641 1438 772 1536 equites
791 1437 826 1509 in
845 1438 1000 1529 oliveto,
1022 1440 1108 1512 duur
1127 1439 1262 1542 lignan-

165 1551 192 1618 2
215 1558 295 1627 tur,
319 1533 584 1610 interfeslisunt
602 1535 745 1634 aliquot.
772 1536 871 1610 Servi
889 1537 1177 1637 transfugerunt,
1201 1540 1260 1641 qui

214 1635 468 1709 nunciaverunt
492 1658 523 1706 a.
547 1634 582 1708 d.
604 1658 669 1705 ιιι
693 1633 883 1707 Nonarum
902 1635 1022 1710 Martii
1038 1634 1197 1735 proelio,
1216 1637 1259 1711 ad
1303 1724 1306 1729 ¹

214 1731 378 1808 Soritianr
396 1732 492 1832 quod
508 1729 639 1805 salium
657 1730 726 1824 est,
749 1756 794 1805 ex
811 1758 854 1806 eo
871 1751 1029 1831 tempore
1044 1754 1182 1808 metum
1198 1732 1260 1809 esse
1301 1806 1307 1823 ,.

131 1863 133 1866 >
214 1854 411 1929 magnum,
434 1831 472 1904 &
489 1830 632 1904 Attium
657 1829 791 1907 Vatum
810 1828 942 1903 circum
955 1830 1088 1904 castella
1108 1831 1259 1925 praeesse.
1306 1879 1308 1886 ,

169 1947 192 2030 3
217 1929 276 2002 Eo
291 1928 346 2002 die
363 1927 552 2025 Pompejus
569 1925 673 2002 castra
692 1928 826 2014 movit3
849 1930 886 2004 δί
905 1947 920 1982 ²
938 1949 1058 2003 contra
1081 1928 1259 2030 Hispalim

167 2049 195 2126 4
217 2026 252 2100 in
267 2027 399 2100 oliveto
409 2023 572 2099 constitit.
596 2023 712 2098 Caesat
725 2024 923 2124 priusquam
939 2027 1061 2101 eodem
1077 2026 1129 2101 est
1145 2028 1261 2127 prose·

86 2182 88 2187 .
131 2157 136 2171 ·
215 2124 321 2213 lius,
345 2124 425 2197 luna
453 2124 536 2197 hora
551 2121 687 2197 circiter
704 2124 746 2197 vi
769 2122 838 2195 visa
860 2122 923 2197 est.
959 2123 1261 2201 Itacastrismotis

175 2304 178 2309 ,
201 2220 374 2296 'Ucubim
391 2220 587 2319 praesrdium
609 2278 620 2313 ,
646 2216 948 2322 quodPonrpejus
967 2222 1142 2322 reliquit,
1163 2224 1262 2323 juffit

215 2340 256 2392 ut
272 2319 513 2408 incenderent,
531 2319 704 2394 &deusto
717 2319 894 2418 oppidoin
911 2319 1013 2394 castra
1025 2321 1151 2421 majora
1164 2323 1199 2396 se
1211 2349 1261 2398 re·

167 2442 193 2521 5
216 2415 382 2513 ciperent.
430 2415 628 2516 Insequenti
650 2438 807 2517 tempore
829 2417 1059 2518 Ventispunte
1085 2420 1262 2518 oppidum

134 2535 135 2538 ’
216 2538 328 2612 quum
344 2538 546 2612 oppugnare
565 2515 741 2615 coepisset,
766 2514 942 2590 deditione
957 2515 1067 2606 salia,
1093 2517 1157 2591 iter
1178 2519 1264 2596 fecit

216 2610 254 2685 in
272 2612 481 2684 Carrucam:
508 2631 627 2686 contra
644 2612 853 2712 Pompejunt
869 2616 974 2688 castra
989 2615 1113 2711 posuit.
1150 2618 1264 2693 Pom·

215 2709 315 2810 pejus
332 2709 524 2810 oppidum,
547 2712 644 2810 quod
662 2731 782 2786 contra
797 2709 854 2785 sua
867 2713 1022 2812 praesidia
1037 2717 1266 2887 portassqlsau-

1162 2840 1173 2885 r
1209 2837 1266 2906 et,
1303 2904 1306 2909 ¹

216 2959 326 3005 notant,
339 2948 362 3008 fi
368 2948 446 2996 valeti
457 2982 466 3005 ,
479 2947 582 3011 gaudeo,
599 2961 634 3011 ego
652 2949 723 2998 valeo.
757 2964 782 2996 ca
797 2947 926 3012 Hispalim
942 2943 986 2996 sed
1001 2943 1222 2999 leffiunemime
1231 2969 1269 3005 te·

216 3015 257 3063 Sic
272 3015 388 3063 Dolabella
406 3016 433 3063 in
450 3011 528 3079 Epist.
552 3013 585 3063 ad
606 3016 725 3063 Ciceronem
757 3027 859 3090 ceptam
884 3012 1006 3064 exhibent
1030 3017 1084 3064 MS.
1108 3014 1205 3064 N0rvic.
1242 3024 1267 3073 ει

216 3081 288 3130 Fam.
307 3078 352 3130 lib.
373 3096 414 3131 1x.
430 3084 477 3146 Ep.
497 3096 537 3129 rx.
555 3085 578 3130 S.
592 3085 622 3131 V.
642 3085 675 3132 G.
693 3087 723 3133 V.
756 3080 830 3134 edrtt.
841 3087 908 3149 Rem.
930 3085 981 3130 Ven.
999 3077 1097 3127 Beroald.
1115 3088 1197 3138 quam
1219 3088 1266 3136 eti.

216 3158 245 3195 ut
261 3144 349 3198 frustra
364 3144 413 3197 srnt
432 3147 718 3208 BarnBriffonimForm.
755 3161 798 3197 am
816 3149 927 3196 Gerardru
945 3149 976 3196 G.
989 3144 1012 3210 J.
1028 3147 1056 3193 F.
1076 3140 1154 3202 Voffim
1166 3147 1204 3195 ad
1218 3156 1266 3201 Vel.

217 3210 264 3263 lib.
282 3216 604 3270 v111.&1³ee.ce'aeconiue,
621 3215 665 3277 qui
683 3229 722 3263 te·
754 3216 790 3261 leil
806 3217 915 3262 Patermlr
930 3208 975 3261 lib.
994 3225 1032 3259 11.
1049 3222 1105 3272 cap.
1122 3224 1222 3266 Lxxvx.
1234 3233 1265 3270 ex

216 3292 316 3344 ponunt
326 3283 421 3330 S.V.B.
431 3286 460 3331 E.
471 3282 501 3329 E.
511 3284 540 3328 V.
560 3280 620 3327 licet
629 3280 723 3345 eaqui·
753 3277 820 3330 Cod.
853 3285 932 3329 Perav.
956 3274 1128 3340 recipimdam
1153 3279 1264 3336 censuit,

217 3343 278 3396 dem
303 3343 419 3396 ufitatior
451 3345 579 3394 formula·
607 3343 672 3394 vide
696 3348 723 3396 δι
755 3353 832 3395 eontra
850 3344 958 3407 Hispalim
974 3340 1044 3390 idem
1061 3354 1135 3392 notat
1156 3359 1186 3395 ac
1201 3346 1214 3396 l
1230 3369 1265 3400 re·

216 3411 277 3472 Just.
304 3415 400 3477 Lipfium
416 3410 474 3462 Inst.
495 3408 572 3476 Epist.
591 3424 646 3476 cap.
665 3426 720 3463 111.
748 3416 812 3476 gline
825 3411 929 3476 Hispalis.
948 3410 1017 3470 Cesar
1031 3406 1076 3461 lib.
1090 3425 1111 3460 1.
1121 3413 1148 3461 B.
1160 3415 1192 3463 C.
1205 3430 1264 3484 cap,

216 3481 313 3528 Davies.
365 3500 367 3511 .
486 3500 488 3505 v
753 3492 807 3528 rvr.
827 3481 865 3524 He
879 3477 910 3524 ad
928 3477 1042 3537 insulam,
1059 3493 1105 3542 qua
1123 3477 1153 3537 esi
1169 3494 1264 3533 contra

251 3560 274 3596 1.
290 3552 318 3591 In
333 3545 406 3590 animo
422 3543 501 3600 habeo]
519 3544 558 3588 Ex
576 3538 642 3591 Cod.
660 3544 721 3589 ciac·
752 3537 912 3601 Maffiliam,
932 3544 1036 3603 stationes
1058 3544 1185 3597 obtinebant.
1224 3555 1264 3601 Ac

216 3628 262 3658 con.
280 3611 307 3659 δι
328 3607 390 3657 edit.
419 3610 492 3670 Steph.
518 3604 722 3669 praepofitiouem
752 3606 1264 3675 Iib.111.B.C.cap.xxrrr.1nsulam-

215 3673 337 3732 restitui,
372 3687 449 3740 quarn
480 3672 603 3722 omittunt
629 3674 717 3740 vulgg.
752 3690 813 3740 que3
835 3691 881 3741 qua
898 3689 988 3727 eontra
1004 3677 1157 3736 Brunlifinum
1171 3693 1265 3744 portum

215 3741 286 3792 idem.
754 3741 799 3802 est,
824 3748 944 3810 occupavit.
970 3745 1008 3801 Sic
1024 3747 1066 3803 &‚
1091 3743 1159 3798 inter
1176 3748 1264 3821 alios,

249 3824 275 3861 ι.
294 3814 372 3859 centra
386 3806 511 3875 ffispahm]
528 3810 559 3860 ln
573 3805 661 3877 vulgg.
678 3810 723 3860 cir·
756 3811 858 3877 Virgilius
874 3815 929 3869 Μ.
946 3826 1020 3873 ΜΆ
1054 3812 1124 3866 Ilm·
