2616 4462
1097 239 1102 248 η

288 224 354 300 'na
378 220 543 302 Bnerjo
568 221 844 297 Aeniorum
1027 251 1099 335 703

63 349 135 452 ’φη
148 344 372 424 arundinibus
384 346 562 447 scopisque
573 346 765 438 contextis,
788 348 1042 443 permanebant.
1067 355 1100 424 I.
1125 352 1153 430 6

63 471 192 560 taque,
217 443 331 520 subito
351 446 468 518 imbre.
487 445 722 544 grandineque
748 444 928 518 consecuta
944 497 956 531 ,
971 471 1102 554 grava.

65 567 93 621 tr
113 544 294 647 pondere,
319 544 496 629 tenebris,
522 567 678 641 aquaque
699 566 819 615 omnes
845 542 979 618 subruti
1002 546 1104 642 disje-

10 722 11 729 ,
63 643 203 744 diique,
227 641 331 716 nesle
350 640 583 740 intempesta,
607 637 746 740 ignibus
763 638 959 731 exstinctis,
984 640 1104 715 rebus·
1203 719 1206 728 ,

22 806 24 810 ,
63 764 132 840 que
151 741 199 813 ad·
212 737 348 813 viuum·
365 736 617 834 pertinentibus
639 735 803 811 omnibus
819 740 1019 838 corruptis,
1042 764 1108 835 per

56 837 168 912 ‘castra
192 835 310 934 pa'ffim
335 837 576 936 vagabantur,
608 833 779 931 scutisque
809 837 916 933 capita
939 859 1113 934 contego,

62 934 159 1008 bant.
185 934 315 1008 Eadem
328 938 433 1010 noste
449 961 472 1009 v
490 933 637 1035 legionis
664 950 676 982 ¹
694 935 846 1029 pilorum
861 934 1035 1007 cacumina
1046 936 1105 1007 sua

58 1032 186 1131 ,sponte
206 1032 373 1107 arserunt.
873 1054 877 1063 ·

58 1132 61 1139 ’
109 1129 293 1205 XLVIII.
318 1127 549 1206 Rexinterim
564 1127 707 1223 Jubade
723 1128 874 1226 equestri
891 1129 1018 1227 proelio
1031 1129 1104 1205 Sci·
1132 1140 1154 1208 ι’,

66 1226 179 1325 pionis
193 1228 318 1301 certior
331 1226 471 1318 famus,
493 1225 726 1324 evocatusque
750 1228 931 1300 abeodem
956 1229 1103 1320 litteris,

65 1323 234 1422 praesedo
251 1325 380 1402 Sabura
394 1351 473 1399 cum
485 1345 579 1423 parte
589 1324 760 1399 exercitus
776 1347 896 1398 contra
908 1324 1033 1400 Sirium
1051 1351 1105 1400 re·

66 1421 172 1513 libio,
196 1419 255 1509 ut,
279 1448 389 1521 quum
407 1423 478 1521 ipse
493 1422 622 1520 aliquid
638 1420 850 1499 audioritatis
866 1423 1024 1514 haberet,
1042 1448 1106 1496 ex·

66 1520 194 1593 ercitus
216 1519 421 1619 Scipionisd
442 1540 572 1595 terrore
594 1519 738 1594 Caesaris
764 1520 995 1606 liberaretur,
1020 1546 1105 1595 cum

17 1682 19 1686 ,
69 1643 137 1690 rr1
159 1618 378 1718 legionibus,
400 1616 643 1716 equitibusque
656 1617 794 1691 frenatis
810 1643 920 1710 mccc,
936 1619 1107 1693 Numidis

66 1714 137 1789 sme
152 1715 255 1791 irenis
276 1775 287 1807 ‚
311 1737 326 1769 2
344 1715 584 1814 peditibusque
607 1715 679 1812 ejus
702 1736 883 1789 armaturae
901 1716 1021 1814 grandi
1037 1741 1105 1790 nu-

18 1818 20 1823 ’
67 1837 165 1887 mero
180 1872 191 1905 ,
214 1812 472 1913 elephantisque
484 1837 571 1903 xxx,
587 1812 739 1912 egressus
754 1810 774 1885 ὲ
789 1837 898 1913 regno
914 1815 955 1886 ad
970 1813 1105 1908 Scipio·

66 1934 146 1982 nem
162 1912 210 1983 est
228 1910 416 2010 prosedus.
441 1909 629 2010 Postquam
640 1911 681 1982 ad
693 1936 773 1984 eum
790 1911 969 2010 pervenit,
991 1911 1105 1983 eastris
1128 1932 1156 1981 2

67 2007 171 2107 regiis
188 2009 336 2082 seorsum
352 2007 469 2121 pofitis
487 2066 498 2100 ‚
522 2034 601 2083 cum
621 2009 668 2080 eis
685 2009 818 2107 copiis,
842 2033 925 2106 quas
947 2033 1104 2081 comme·

65 2107 220 2191 moravi,
247 2108 337 2181 haud
352 2131 398 2180 rta
412 2107 569 2207 longeab
585 2106 745 2204 Scipione
757 2105 931 2181 consedit:
959 2106 1059 2196 (Erat
1069 2104 1104 2177 in
1130 2116 1155 2198 3

65 2202 179 2289 castris
189 2205 332 2281 Caesaris
347 2206 514 2301 superiori
525 2224 971 2302 temporemagnusterror‚
998 2205 1104 2276 &ex-
1151 2226 1153 2231 ’

64 2299 275 2395 speslatione
284 2303 461 2403 copiarum
473 2302 665 2400 regiarum,
690 2301 861 2374 exereitus
876 2303 948 2398 ejus
966 2320 978 2360 ³
992 2301 1106 2400 magis

65 2396 273 2494 fuspcnfiore
300 2403 416 2475 animo
431 2420 509 2472 ante
530 2401 716 2473 adventum
735 2398 836 2492 Jubae
858 2399 1104 2471 commoveba-

67 2512 152 2567 tur:
177 2498 358 2598 postquam
375 2522 459 2575 vero
482 2494 587 2574 castra
603 2494 715 2591 eastris
731 2497 881 2572 contulit
901 2553 911 2588 ,
935 2495 1101 2609 despeelis
1123 2517 1153 2593 4
1173 2587 1175 2591 y

1027 2620 1103 2690 ejus

100 2733 123 2766 r.
143 2717 360 2767 Pilorumcacumiue
368 2721 412 2781 sua
422 2721 496 2785 spiare
510 2722 570 2782 arse-
601 2719 660 2768 sane
681 2720 818 2769 lellionem
835 2717 956 2768 exhibent
967 2732 1057 2766 omnes
1074 2731 1103 2763 e-

65 2788 133 2844 ruar]
150 2791 209 2834 Hoc
220 2798 273 2831 non
286 2798 342 2831 raro
360 2785 461 2836 accidit.
487 2791 568 2833 Livius
601 2785 667 2842 diti3
685 2786 753 2851 quod
770 2799 857 2834 tamen
872 2802 924 2833 non
939 2783 1036 2838 obstat,
1050 2797 1105 2845 quo

63 2848 110 2900 lib.
129 2867 204 2901 xxrr.
222 2864 276 2913 cap.
298 2864 319 2898 1.
338 2855 440 2915 Prodigia
456 2871 482 2898 ex
495 2855 567 2916 pluri·
599 2854 682 2900 minus
701 2868 732 2900 ex
748 2856 821 2900 MSto
838 2856 927 2901 Nervii,
946 2850 1052 2897 omnino
1062 2862 1102 2895 re·

63 2918 102 2963 bus
114 2920 184 2977 fimul
199 2921 248 2966 locis
263 2918 380 2964 nunciata:
393 2923 416 2964 in
432 2921 507 2965 Sicilia
523 2922 566 2964 mi·
598 2913 737 2982 scripserim
758 2919 903 2981 peditibusque
921 2915 985 2965 levis
1000 2927 1102 2961 armatu-

63 2985 136 3033 litibus
146 2985 286 3048 spiculu—
304 2983 383 3044 urfiffe.
401 2986 485 3030 Plinius
503 2982 564 3032 Hlst.
599 3001 634 3031 rae.
670 2983 752 3033 Idem.
827 2995 829 2999 '

63 3053 125 3101 Nat.
144 3051 189 3103 lib.
211 3066 249 3101 11.
270 3063 452 3112 cap.xxxv11.
470 3050 566 3094 Vrdino-
633 3067 657 3106 3.
682 3054 755 3112 Magis
765 3051 895 3115 suspenstore
914 3051 1003 3110 anime]
1026 3050 1104 3099 Non·¹

63 3118 143 3165 sturnis
157 3123 254 3167 militum
270 3120 377 3180 vigiliis,
401 3119 501 3163 inherere
515 3117 566 3176 pilis
599 3116 665 3164 nulli
688 3118 769 3164 Mssti
786 3132 843 3174 cum
864 3115 937 3164 editt.
963 3120 1029 3182 Rom.
1048 3122 1105 3170 Vm.

59 3193 100 3243 prr
117 3188 176 3232 vallo
189 3190 306 3248 frelgurem.
325 3189 383 3234 Haec
400 3186 427 3234 &
437 3177 565 3242 hujusmo-
599 3183 697 3231 Beroald.
715 3180 835 3231 exhibent
851 3184 919 3245 magis
928 3181 1060 3243 suffienfione
1073 3201 1103 3229 et·

63 3246 89 3294 di
114 3249 164 3297 alia
184 3252 362 3300 miraculorum
388 3250 448 3300 loco
464 3245 565 3295 credule
598 3250 747 3304 nimi-‚unus
764 3262 847 3296 autem
867 3245 880 3298 ὲ
899 3247 993 3296 MSStis
1009 3249 1105 3314 Regiis

60 3312 144 3378 posuit
154 3319 290 3381 antiquitas
299 3315 411 3384 Phylices
428 3314 566 3381 impetitu
598 3315 624 3363 bt
640 3317 731 3364 Neroic,
751 3310 840 3364 omissa
854 3316 937 3380 prima
951 3329 1013 3362 rore
1031 3349 1038 3372 ,
1061 3318 1101 3363 le-

62 3380 129 3429 nihil
146 3383 214 3430 enim
232 3382 301 3432 aliud
316 3383 371 3433 sum
392 3419 399 3441 ,
423 3395 501 3449 quam
519 3394 563 3428 ex·
616 3393 660 3435 unt
681 3380 811 3444 suffrenfiore
832 3386 912 3435 animo.
945 3384 1104 3444 Perpetem
1160 3420 1163 3426 ,

61 3445 206 3495 halationes
222 3445 332 3500 sulfureae
347 3451 432 3500 calore
448 3448 514 3498 ae'tis
525 3461 568 3496 ac·
595 3395 614 3495 s

63 3510 158 3568 tesssae,
175 3514 292 3578 variaque
308 3516 404 3584 figura,
422 3514 564 3582 proflanti-
596 3512 741 3562 nominibus
759 3515 938 3580 comparativis
963 3511 1101 3561 addunturr

62 3577 108 3628 bus
127 3578 208 3628 ventis
224 3591 266 3627 aut
274 3585 383 3632 materiae
398 3584 489 3647 copia,
503 3595 566 3646 prae·
596 3580 686 3630 Noster
701 3577 800 3641 hujusce
818 3580 877 3631 libri
892 3594 1020 3646 caparrv.
1040 3581 1100 3625 Ma-

62 3645 129 3695 ditat.
165 3642 229 3693 Vide
246 3646 312 3703 Joan.
337 3651 409 3697 clerici
426 3644 497 3712 Phys.
516 3645 563 3699 lib.
596 3648 635 3712 gis
653 3651 676 3694 iu
688 3647 792 3707 seditione
803 3651 853 3698 &m
870 3664 937 3712 quam
949 3646 1037 3708 pudoris
1050 3661 1100 3688 mo-

63 3727 121 3764 111.
136 3726 191 3775 cap.
205 3727 242 3762 tv.
258 3719 281 3772 ς.
294 3719 317 3760 6.
328 3710 398 3780 seqq.
431 3719 528 3763 Davies.
596 3715 705 3778 desiiaeque
723 3713 813 3774 fueritis
838 3710 1003 3762 studiosiores.
1050 3712 1101 3756 cle-

95 3796 122 3831 ι.
135 3779 563 3853 Peditibusqueqiusurmuturu}lianc
595 3797 655 3830 mens
679 3783 759 3832 Rom.
781 3778 858 3847 Epist.
885 3772 1099 3890 alcmliuilii'

917 3862 921 3871 ,
1010 3856 1023 3887 L
1088 3873 1101 3901 ἦ

607 3461 657 3511 epe
673 3447 741 3495 enim
757 3449 884 3513 particula
901 3447 1102 3515 comparationi-s
