2616 4462
278 265 342 320 nn
364 238 539 317 Brenno
563 238 837 314 Arnieauo.
1020 232 1100 340 687

52 357 180 457 tiessin
207 355 279 431 ulas
293 381 377 432 cum
395 356 550 430 exercitu
560 356 858 432 Caesarisincertas
872 355 1032 433 locorum
1046 383 1100 437 at·
1125 418 1128 426 -

55 484 128 560 que
208 481 328 531 rorum
340 457 481 529 suorum
495 453 633 554 vagari,
657 453 869 529 occasionem
881 455 1020 549 nasius,
1038 484 1099 534 na-

56 581 165 646 vem,
188 579 293 655 quam
309 553 358 627 ibi
383 553 503 626 habuit
516 553 699 626 astuariaiii
720 610 732 647 ,
757 553 910 653 complet
929 554 1100 631 militibus

56 655 94 731 ὃ(
111 652 315 754 sagittariis:
340 649 607 748 eidem-scaphas
623 651 665 723 de
688 651 834 725 navibus
849 652 1007 751 adjungit
1024 679 1036 741 3
1060 678 1099 727 ac

55 750 207 852 singulas
228 773 331 823 naves
346 746 552 821 Caesarianas
566 746 752 822 consedari
771 752 904 847 coepit:
930 751 966 823 δε
985 774 1096 848 quum
1122 758 1150 826 ι’

39 849 174 950 plures
188 847 351 937 adortus,
367 844 698 946 pulsusfugatusque
715 846 793 920 inde
805 845 1017 938 discessisset,
1035 871 1100 922 nec

55 969 172 1022 tamen
190 943 363 1019 desisteret
381 944 587 1039 periclitari,
611 942 701 1017 sorte
715 944 835 1017 incidit
852 944 888 1018 iii
904 969 1047 1036 navem,
1063 944 1101 1018 in

56 1068 126 1143 qua
147 1061 249 1154 'erant
267 1043 339 1114 duo
363 1039 442 1114 Titi
462 1040 607 1139 Hispani
631 1040 879 1134 adolescentes,
903 1042 1035 1116 tribuni
1051 1043 1101 1116 le·
1199 1112 1201 1123 ,

58 1165 173 1241 gionis
197 1165 235 1231 v,
254 1161 406 1239 quorum
432 1159 564 1236 patrem
583 1137 698 1213 Caesar
716 1139 752 1213 iii
776 1140 929 1213 senatum
946 1134 1101 1240 legerat,
1196 1128 1203 1171 ²
1270 1152 1275 1160 ‘

59 1244 98 1314 &
115 1263 196 1312 cum
219 1236 269 1311 his
294 1252 305 1286 ¹
325 1238 374 1310 T.
395 1236 552 1310 Salienus
571 1235 727 1311 centurio
756 1236 902 1335 legionis
919 1237 1100 1336 ejusdem,

87 1335 123 1410 ui
139 1338 192 1408 M.
210 1331 400 1410 Messallam
418 1333 571 1434 legatum
589 1331 765 1408 obsederat
781 1334 944 1408 Messanae
962 1391 973 1426 ,
997 1336 1034 1409 &
1049 1334 1102 1409 se-

60 1360 273 1507 dieiosiffima
297 1430 452 1504 oratione
475 1432 567 1532 apud
582 1454 664 1505 euin
682 1430 730 1505 est
748 1431 826 1504 usus
846 1457 855 1504 ε
881 1432 1042 1529 idemque
1062 1433 1102 1506 dc

12 1599 15 1606 .
61 1532 273 1630 pecuniam,
298 1530 553 1605 &ornamenta
576 1528 745 1627 triumphi
765 1528 909 1604 Caesaris
925 1529 1103 1602 retinenda

61 1632 99 1713 &
115 1629 335 1704 custodienda
351 1645 546 1701 curaverat:
572 1626 609 1702 &
626 1624 748 1701 oblias
763 1627 886 1699 causas
902 1627 1043 1700 timebat
1060 1625 1102 1699 fi-

60 1725 111 1798 bi.
138 1727 211 1800 Hic
228 1745 371 1826 propter
387 1721 626 1797 conscientiam
639 1723 1008 1821 peccatorumsuorum
1025 1747 1100 1822 pei·
1126 1747 1150 1830 3

16 1915 22 1928 .
61 1820 162 1896 suasit
178 1821 502 1897 adolescentibusne
520 1840 776 1942 repugnarent,
798 1819 932 1919 seseque
947 1820 1103 1920 Virgilio

64 1919 287 1994 transderent.
319 1920 440 2015 ltaque
456 1917 596 1992 dedudli
615 1944 633 1990 a
650 1917 802 2016 Virgilio
822 1917 864 1991 ad
882 1917 1104 2016 Scipionem,

64 2014 268 2091 custodibus
284 2014 461 2106 transditi,
479 2017 520 2089 ’ἃ
539 2015 615 2115 post
626 2014 717 2089 diem
736 2040 799 2086 iii
821 2015 898 2101 sunt
916 2013 1102 2090 interfecti.

63 2113 140 2224 Qui
161 2138 272 2213 quum
289 2114 496 2222 ducerentur
507 2116 548 2188 ad
560 2136 700 2221 necem,
723 2111 840 2210 petisse
853 2113 980 2186 dicitur
995 2112 1105 2211 major
1128 2157 1155 2236 4

64 2211 173 2286 Titus
189 2210 210 2285 d
227 2208 509 2301 centurionibus,
527 2212 578 2286 uti
589 2211 620 2284 se
635 2234 807 2309 priorem,
824 2235 926 2308 quam
943 2211 1104 2301 fratrem,

64 2307 326 2385 interficerent:
352 2307 459 2406 idque
471 2308 514 2382 ab
528 2309 575 2384 eis
588 2306 687 2383 sicile
702 2307 928 2408 impetrasse,
939 2327 1041 2408 atque
1058 2307 1106 2382 ita

64 2406 131 2477 esse
147 2405 358 2481 interfectos.
911 2405 914 2411 ’

90 2560 94 2567 .
113 2503 262 2576 XXIX.
288 2506 436 2578 Turmae
455 2501 621 2578 interime
647 2502 782 2585 uirum,
806 2523 992 2603 2quaepto
1008 2503 1101 2578 vallo
1131 2541 1151 2589 ι

64 2597 101 2674 iii
118 2599 318 2674 stationibus
333 2599 400 2675 esse
416 2600 594 2694 solebant,
616 2528 659 2676 ab
682 2602 834 2700 utrisque
849 2603 997 2676 ducibus
1012 2627 1102 2700 quo-

64 2695 148 2771 tidie
165 2695 306 2770 minutis
315 2697 445 2794 proeliis
453 2698 583 2775 inrerse
594 2724 748 2799 pugnare
760 2724 831 2773 non
848 2698 1100 2773 intermittunt:

61 2816 330 2893 nonnumquam
353 2794 453 2871 etiam
477 2797 676 2890 Germani,
700 2797 866 2896 Gallique
897 2794 1099 2899 Labieniani
1123 2816 1151 2903 ᾗ

315 2912 324 2949 ῑ
1017 2916 1103 2967 curn

97 3089 122 3127 i.
139 3080 165 3126 r.
178 3060 296 3138 satem]
312 3079 354 3126 ire
371 3075 427 3142 quis
442 3087 566 3140 piterio-
709 3064 748 3128 ii.
772 3081 938 3128 sinirirvs.
962 3081 986 3128 ii

66 3154 126 3190 men
139 3143 187 3193 hoc
203 3140 355 3193 mendosum
371 3139 437 3198 esse,
453 3157 509 3190 cum
520 3144 567 3190 ali·
673 3145 701 3195 F.
719 3148 795 3196 CLV.
813 3148 950 3194 GALLVS.
971 3148 1029 3195 FA-

46 3268 49 3273 γ
65 3204 92 3255 bi
110 3205 210 3258 sortasse
219 3211 286 3276 apud
299 3211 435 3275 Scriptores
448 3207 520 3269 huius
529 3205 568 3256 fa·
702 3214 776 3262 RER.
801 3214 1000 3263 FERRARIVS.

66 3271 144 3320 milia
162 3278 259 3326 tuentio
275 3292 327 3327 nori
344 3275 497 3341 reperiatur,
513 3276 568 3338 pla·
604 3277 665 3326 „Alis
675 3279 766 3327 Manita

66 3337 118 3386 cuit
140 3337 188 3387 hoc
211 3342 272 3392 loco
296 3343 395 3408 antiqui
419 3338 513 3405 lapidis
528 3341 568 3389 in·
636 3359 660 3392 2.
678 3345 735 3407 Qu
749 3357 788 3408 pro
805 3347 865 3392 vallo
882 3347 905 3392 a'it
916 3341 1044 3402 stationum
1061 3339 1104 3402 effa

65 3399 229 3466 scriptionem
245 3406 401 3466 adscribere,
417 3411 568 3471 quemlnte·
598 3410 695 3470 solebant
712 3443 720 3466 ,
738 3411 765 3456 ab
779 3413 877 3474 uirisque
893 3407 1104 3471 decimaquarta]

18 3504 21 3508 -
66 3481 178 3525 iamne,
196 3471 347 3522 vetustissimi
364 3508 372 3532 ‚
389 3489 418 3522 ac
435 3471 568 3522 celeberri·
602 3479 704 3525 Mutata
719 3473 878 3526 distinetione
893 3510 901 3533 ,
918 3469 1105 3529 rescribendum

64 3535 104 3583 ini
121 3531 229 3583 umbrie
239 3540 385 3606 municipii,
401 3535 567 3605 superioribus
602 3540 700 3590 videtur
716 3555 806 3606 quapro
821 3546 881 3591 valli
897 3544 919 3588 i'ii
930 3537 1105 3600 stationibuseffe

67 3601 141 3649 aunis
158 3594 271 3650 effossum
285 3636 293 3659 ,
309 3605 345 3677 'in
371 3601 442 3655 suum
458 3603 567 3684 dostissi·
597 3610 736 3670 folcherius
758 3609 856 3684 utrisque
876 3609 986 3683 ducibus,
1008 3604 1107 3669 quotidie

66 3680 138 3715 mum
154 3679 183 3714 ac
197 3666 414 3720 luculentissimum
432 3669 464 3721 de
481 3685 567 3736 patriae
600 3677 650 3725 &e
666 3671 720 3724 uisi
737 3673 803 3725 hanc
819 3672 1048 3739 interpunstionem
1063 3683 1104 3716 re-

67 3730 261 3808 antiquitatibus
284 3739 493 3811 commentantur
507 3753 568 3794 coii-
600 3748 741 3814 cipimus,
757 3742 861 3812 σύνταξιν
877 3747 980 3811 quidem
990 3758 1107 3800 commu·
1162 3798 1165 3802 Α

65 3796 125 3852 tullt
142 3799 219 3864 Julius
237 3800 374 3873 Jocabrmuu
600 3813 660 3871 dam
675 3831 730 3872 non
743 3811 832 3883 videQ
863 3817 963 3884 Paetis..
