2616 4462
173 257 178 264 ⁸
283 260 925 342 nourrroilrrxinfiirno.
1058 272 1135 376 '629

101 391 252 467 scurrere
266 406 470 488 coeperunt:
484 410 635 482 quorum
652 388 927 486 perturbatione,
940 384 1134 468 nostrorum
1160 412 1182 495 3

104 489 207 564 animi
232 487 316 560 adeo
332 485 412 558 sunt
438 485 594 573 incitati,
616 505 658 557 ut
677 508 764 582 pene
780 488 903 559 eodem
919 508 1073 584 tempore
1088 515 1134 564 ex
1175 502 1179 509 '

104 586 264 660 omnibus
278 584 452 682 partibus,
475 579 578 679 primi
593 600 706 678 tamen
718 581 939 656 editissimum
953 584 1070 657 locum
1082 610 1136 658 ca-

102 683 252 757 strorum
268 700 449 780 caperent:
474 703 519 752 ex
534 703 606 848 quo
621 680 837 754 decurrentes
850 704 1008 780 magnam
1018 681 1138 754 multi-

26 867 31 874 ,
102 780 262 854 tudinem
279 776 427 850 hostium
446 777 480 848 in
499 800 535 849 ca
568 775 612 847 ris
629 775 888 851 interfecerunt.
920 778 1030 876 Quod
1048 779 1136 875 peri·
1158 791 1185 881 4
1216 798 1237 819 ²

101 880 224 952 culum
241 873 627 982 pleriquelilexandrini
642 871 833 972 fugientes,
858 877 1040 947 acervatim
1052 875 1136 950 sede

77 1041 80 1046 .
101 976 197 1050 vallo
214 975 515 1068 praecipitaverunt
532 971 650 1043 ineam
661 991 791 1069 partem
803 1029 813 1062 ,
827 996 907 1071 quae
921 971 1137 1046 fluminierat

101 1069 273 1168 adjunbta.
297 1069 438 1141 Horum
455 1067 574 1166 primis
586 1068 621 1139 in
641 1067 651 1138 i
679 1066 801 1141 safolsa
816 1069 1018 1142 munitionis
1036 1084 1047 1119 ¹
1068 1095 1136 1141 ma·
1160 1087 1185 1166 5

131 1192 172 1239 na
189 1169 224 1238 vi
240 1164 404 1264 oppreffis
424 1222 435 1256 ‚
459 1165 561 1238 ceteri
583 1092 771 1238 faciiiorem
795 1164 914 1265 sugam
931 1166 1136 1239 habuerunt.

103 1191 251 1337 {onstat
268 1263 391 1362 fugisse
399 1287 443 1337 ex
457 1261 569 1336 castris
578 1263 717 1362 Regem
734 1261 867 1360 ipsum,
891 1283 1137 1360 receptumque
1161 1257 1187 1331 6

105 1361 141 1434 in
159 1385 279 1436 navem
297 1417 306 1446 ,
332 1361 400 1435 2&
416 1359 642 1434 multitudine
657 1384 802 1451 eorum,
826 1363 887 1459 qui
904 1360 947 1434 ad
966 1361 1139 1457 proximas

103 1482 206 1533 naves
219 1455 441 1545 adnatabant,
464 1455 618 1530 demerso
634 1456 773 1565 navigio
789 1457 922 1554 perisset
1235 1537 1236 1541 ,

152 1555 316 1644 XXXII.
343 1557 404 1629 Re
416 1553 603 1629 felicissime
616 1550 861 1652 celerrimeque
875 1554 986 1654 gesta,
1003 1554 1139 1648 Caesar,
1166 1570 1182 1616 1
1255 1571 1257 1575 ·

103 1677 241 1754 magnac
254 1651 412 1727 vidioriae
431 1649 557 1725 fiducia
574 1650 736 1749 proximo
755 1650 903 1725 terrestri
920 1652 1038 1726 itinere
1056 1653 1140 1727 Alo

105 1751 280 1824 xandriam
295 1773 375 1824 cum
391 1747 566 1846 equitibus
582 1747 780 1837 contendit;
803 1766 906 1846 atque
919 1774 957 1822 ea
972 1771 1141 1848 parteop·

105 1847 178 1942 pidi
196 1845 457 1922 victorinum
475 1899 487 1935 ,
509 1863 589 1944 quae
604 1842 762 1943 praesrdio
779 1844 930 1919 hostium
945 1846 1138 1920 tenebatur.

106 1945 238 2042 Neque
254 1967 335 2016 eum
351 1940 532 2015 confilium
551 1941 650 2015 suum
668 1939 810 2031 fefellit,
835 1943 921 2040 quin
938 1943 1072 2035 hostes,
1095 1968 1138 2017 eo
1164 1956 1191 2022 τ’.

106 2040 236 2142 proelio
250 2038 388 2129 andito,
405 2037 490 2112 nihil
507 2037 625 2124 ‘amde
639 2037 846 2133 belloessbnt
863 2040 1060 2139 cogitaturi.
1075 2039 1142 2114 Di·
1179 2071 1182 2079 ·

106 2163 217 2239 gnum
234 2137 417 2212 adveniens
434 2061 588 2210 troitum
605 2135 744 2211 virtutis
760 2135 915 2210 &animi
932 2136 1143 2237 magnitudi-

107 2236 159 2310 nis
174 2234 274 2310 tulit:
300 2235 412 2308 omnis
428 2235 521 2306 enim
537 2231 727 2307 multitudo
746 2232 1019 2330 oppidanorum,
1040 2234 1141 2324 armis
1164 2252 1186 2336 3

106 2330 296 2431 projectis,
326 2328 649 2428 munitionibusque
675 2329 742 2402 suis
765 2328 925 2417 relictis,
958 2349 969 2390 ³
990 2331 1143 2425 veste-ea
1293 2335 1297 2346 “

108 2430 243 2526 sumpta
253 2485 263 2516 ‚
275 2452 343 2526 qua
359 2427 526 2526 supplices
535 2426 750 2499 dominantes
766 2426 939 2526 deprecari
954 2427 1145 2504 consueve-

109 2545 220 2614 runt,
243 2524 406 2622 sacrisque
429 2523 592 2599 omnibus
617 2522 784 2621 prolatis,
808 2525 1036 2623 quorumlrcli
1065 2526 1145 2600 ione

111 2619 242 2721 precari
256 2618 400 2697 offensos
417 2621 586 2722 iratosque
607 2621 738 2696 animos
763 2645 884 2722 regum
909 2643 1005 2698 erant
1031 2550 1145 2713 inliti,

996 2766 999 2771 .
1085 2717 1185 2792 ad.'

145 2895 168 2931 i.
185 2884 269 2946 Magna
277 2885 303 2930 oi
311 2881 419 2946 oppreffis]
437 2885 504 2933 MSS.
516 2887 609 2933 Cimon,
678 2901 701 2940 3.
722 2883 924 2948 Vesteeasampra,
940 2901 984 2950 qua
995 2885 1098 2949 supplices
1105 2882 1147 2931 do·

110 2950 139 3000 &
152 2953 244 2999 Norvic.
261 2948 355 2998 habent
365 2963 442 3010 magno
458 2952 521 2995 rriina
531 2951 612 3013 oppres-
644 2953 749 2996 minantes
761 2952 868 3013 deprecari
874 2953 1045 3012 consueverunt]
1062 2949 1147 3000 Sordi-

108 3017 155 3073 fis‚
173 3019 198 3066 δε
217 3030 248 3063 eo
263 3012 321 3064 saue
338 3009 494 3080 probabilior
513 3013 547 3062 est
563 3014 612 3063 haec
645 3012 718 3062 datas
734 3014 960 3082 vestcsintelligit,
978 3017 1065 3080 quales
1073 3026 1147 3066 erant

113 3081 209 3138 lenlop
223 3081 290 3147 quod
305 3079 388 3132 noster
403 3076 502 3139 hujusce
519 3078 577 3128 libri
591 3096 612 3128 c.
646 3094 745 3128 reorum
762 3098 771 3137 ς
795 3083 859 3129 alias
874 3084 943 3129 enim
958 3083 1072 3131 Romani
1087 3081 1148 3133 albo

116 3161 212 3196 rxxvr.
239 3148 331 3197 eodem
348 3141 471 3209 loquendi
488 3143 567 3193 modo
584 3145 614 3194 lit
647 3143 796 3193 vestimento
812 3145 866 3194 lunt
887 3145 947 3205 uli,
972 3160 998 3196 ut
1013 3154 1103 3203 tumet
1120 3148 1149 3206 J.

115 3207 178 3260 usust
197 3214 313 3280 Proprie3
330 3209 455 3277 siquidem
473 3209 616 3271 ruereaestro-
649 3210 731 3273 Lipfius
745 3211 825 3260 metr.
841 3209 885 3261 lib.
899 3229 920 3264 1.
931 3226 985 3278 cap.
999 3229 1071 3264 x111.
1087 3212 1149 3263 licet
1256 3268 1259 3275 ,

116 3290 138 3324 ro
148 3291 228 3339 corpore
242 3289 274 3330 uri
284 3284 313 3327 ad
329 3278 497 3341 impellendum,
513 3278 616 3342 quodfa-
649 3288 679 3323 ea
697 3274 728 3325 de
750 3290 776 3325 re
793 3278 921 3330 nonnullae
937 3293 1067 3328 occurrant
1082 3276 1150 3330 diffi-

116 3346 200 3398 cr‘unr,
224 3348 260 3409 qui
275 3347 314 3409 ipfi
325 3347 439 3410 praccipites
458 3346 512 3392 alios
523 3343 616 3408 proster-
649 3342 774 3399 cubator,
792 3357 855 3407 quas
872 3345 930 3394 vide
948 3343 1015 3412 apud
1032 3347 1078 3396 Osi.
1095 3349 1151 3393 Fer⁴

117 3421 187 3463 nunt,
203 3421 229 3456 ut
239 3408 339 3461 testatur
356 3417 458 3458 Donatus
477 3409 510 3459 ad
524 3414 619 3458 Terentii
650 3414 735 3456 rarium
751 3407 782 3457 de
791 3423 818 3457 re
826 3408 885 3459 vest.
902 3410 948 3461 lib.
969 3428 991 3462 1.
1009 3425 1080 3476 capp.
1090 3423 1150 3459 xxr.
1230 3425 1232 3429 ·

119 3471 228 3537 Adelph.
247 3478 302 3527 Asi.
321 3479 528 3536 111.sc.11,21.
565 3483 618 3525 Da-
650 3477 767 3525 &xm
802 3479 857 3526 lloc
874 3479 1011 3528 cornelius
1032 3475 1151 3526 convenit
1187 3499 1189 3505 ·

118 3545 173 3588 vles.
223 3572 226 3578 ν
411 3547 413 3549 ’
651 3540 830 3593 Alexandrinis
856 3579 864 3602 ,
890 3541 1054 3611 quodetiam
1077 3546 1152 3607 AEgy-

154 3625 179 3655 z.
195 3609 225 3653 Er
232 3608 366 3656 multitudine
374 3612 463 3668 eorum]
480 3606 617 3659 Primavo-
649 3609 759 3672 priorum
774 3606 922 3661 indumenta
930 3608 1022 3659 fuerint
1031 3606 1097 3658 alba.
1114 3611 1152 3655 A·

121 3674 179 3722 cula
189 3667 287 3720 sensum
301 3672 401 3732 turbat,
417 3688 571 3742 quapropter
585 3690 617 3725 ex
650 3672 698 3723 diri
721 3675 816 3740 poterit
836 3680 956 3729 Herodotus
975 3670 1021 3729 lib.
1040 3687 1077 3728 ιι.
1094 3685 1157 3736 capa,
1246 3670 1263 3682 ”

123 3737 246 3788 fiderunt
263 3742 357 3810 Norviq
370 3738 617 3796 omniuocstdtleu·
651 3754 743 3814 rant..
777 3743 846 3793 Idem.
1158 3767 1169 3778 ν

24 3854 30 3860 .
49 3865 52 3871 ,
116 3803 165 3873 §³2
195 3804 267 3876 Idem,

806 3875 887 3939 &tq
