2616 4462
202 244 285 358 696
430 245 478 321 A.
521 245 737 322 Htrtrrt
776 245 1079 320 Couurrum

209 362 288 451 cui,
312 359 506 453 adscendit3
532 381 543 413 ¹
562 387 664 462 atque
681 364 716 435 in
734 385 1019 460 unumquemque
1034 357 1160 433 collem
1171 373 1250 430 tur·

162 493 188 546 2
213 480 265 531 res
284 459 485 559 castellaque
500 459 609 535 facere
627 462 753 555 coepit3
777 483 880 556 atque
896 485 933 532 ea
951 460 1063 531 minus
1079 455 1250 529 semihora

210 554 315 629 efficit
340 584 350 645 3
374 557 609 656 &postquam
632 559 767 630 nonita
791 559 897 656 longe
921 557 963 629 ab
980 557 1105 628 ultimo
1126 551 1248 636 colle,

210 654 368 753 turrique
382 653 472 746 fuit,
497 679 576 751 quae
586 654 739 749 proxima
749 654 815 727 fuit
830 657 942 727 castris
956 651 1250 739 adversariorum,

209 747 248 822 in
263 775 332 848 qut
349 751 452 824 docui
470 755 536 826 elli:
556 751 778 849 praelidium,
801 752 1051 848 stationemque
1072 748 1250 821 Numida·

209 871 310 935 rum;
337 847 522 945 paullisper
531 870 786 938 commoratus,
802 847 1046 947 perspeclaque
1062 868 1182 919 natura
1196 845 1249 918 lo·

211 944 265 1030 ci,
289 946 444 1042 equitatu
463 943 499 1017 in
516 945 657 1019 statione
670 946 853 1045 disposito,
882 945 1080 1043 legionibus
1093 968 1183 1042 opus
1198 962 1250 1016 at·

165 1073 187 1153 3
213 1041 357 1129 tribuit3
379 1042 850 1143 brachiumquemediojugo
860 1043 902 1113 ab
913 1067 953 1113 eo
964 1041 1063 1127 loco,
1086 1045 1248 1137 adquem

213 1159 437 1236 pervenerat,
462 1140 570 1238 usque
585 1140 738 1228 adeum,
763 1145 854 1216 unde
870 1139 1019 1237 egrell'us
1036 1158 1128 1229 erat,
1146 1138 1251 1236 jubet

162 1262 189 1339 4
214 1234 317 1333 dirigi
334 1237 522 1310 acmuniri.
547 1238 656 1336 Quod
672 1236 852 1335 postquam
866 1237 983 1333 Scipio
1001 1235 1251 1334 Labienusque

212 1332 551 1423 animadverterunt,
573 1333 730 1433 equitatu
745 1337 841 1407 omni
857 1360 901 1407 ex
916 1334 1030 1407 castris
1041 1330 1193 1423 edulibus,
1216 1357 1252 1403 a·

110 1431 117 1490 ἰ
212 1427 333 1525 cieque
348 1431 496 1531 equestri
512 1430 699 1524 instructa,
722 1431 743 1504 ὲ
759 1430 823 1505 suis
841 1431 1094 1505 munitionibus
1110 1430 1250 1503 circiter

213 1528 326 1624 palliis
344 1557 380 1599 oo
411 1531 710 1629 progrediuntur,
734 1528 1028 1638 2pedestremque
1051 1528 1184 1624 copiam
1211 1527 1249 1599 in

213 1621 359 1697 secunda
375 1627 444 1699 acie
459 1628 573 1700 minus
590 1627 698 1725 pallus
713 1651 764 1700 cu
778 1626 798 1700 ὲ
811 1626 998 1700 castrissurs
1014 1625 1245 1700 constituunt.

162 1729 186 1796 'r
263 1723 452 1797 XXXIX.
478 1725 594 1798 Caesar
611 1726 647 1800 in
664 1749 768 1822 opere
785 1724 909 1798 milites
925 1722 1118 1813 adhortari,
1136 1746 1251 1821 neque

166 1844 193 1895 2
217 1819 484 1894 adversariorum
500 1823 608 1918 copiis
624 1823 770 1896 moveri.
795 1822 875 1915 Jam'
887 1845 997 1917 quum
1014 1845 1085 1894 non
1100 1823 1250 1915 amplius

213 1916 370 2017 pullitum
393 1942 457 1990 uo
476 1919 562 2013 inter
580 1920 730 1993 hostium
754 1921 860 1991 aciem
883 1917 1023 2016 suasque
1039 1917 1252 1992 munitiones

213 2013 281 2090 elle
304 2014 620 2106 animadvertillet3
651 2015 938 2112 intellexiss'etque
953 2017 994 2088 ad
1013 2014 1252 2113 impediendos

214 2113 341 2187 milites
357 2111 454 2199 suos,
480 2112 571 2186 &ab
581 2139 685 2212 opere
695 2113 938 2210 depellendos,
963 2112 1095 2185 hostem
1108 2114 1253 2210 propius

214 2212 398 2297 accedere,
423 2209 618 2308 necellcque
638 2210 775 2283 haberet
792 2209 943 2308 legiones
959 2209 979 2281 al
996 2210 1253 2285 munitionibus

214 2307 406 2393 deducere3
431 2307 575 2404 impetat
592 2328 716 2382 turmae
733 2307 988 2404 Hispanorum,
1015 2328 1055 2378 ut
1069 2308 1109 2379 ad
1129 2311 1252 2403 proxi-

215 2428 314 2475 mum
334 2402 457 2492 collem
470 2429 616 2502 propere
630 2425 865 2487 accurrerent,
890 2401 1156 2500 praefidiurnque
1169 2407 1253 2483 inde

169 2511 191 2594 3
216 2499 458 2589 deturbarent,
481 2499 863 2600 locumquecaperent3
885 2502 1078 2598 eodemque
1090 2500 1254 2599 Jubetle·

215 2598 267 2674 vis
278 2615 459 2672 armaturae
477 2622 603 2697 paucos
618 2598 781 2698 consequi
790 2595 957 2673 subsidio:
983 2598 1044 2701 qui
1062 2597 1147 2672 miffi
1162 2603 1255 2676 cele·

1146 2721 1257 2791 nter,

250 2883 273 2922 1.
299 2873 380 2936 Atque
394 2871 417 2918 in
432 2886 606 2937 unumquemque
625 2872 714 2929 collem]
777 2887 800 2921 2.
820 2870 980 2938 Pedestremque
994 2872 1099 2940 copiam]
1120 2865 1253 2919 Pedestres

214 2937 298 2986 Prima
317 2953 367 2986 vox
383 2936 431 2986 hoc
446 2940 474 2988 in
490 2934 651 3011 loeononess
661 2950 717 3002 par·
744 2938 839 3002 copias.
857 2938 894 2987 Sic
907 2942 1008 3003 Vtrgilius
1018 2946 1071 2989 AEn.
1089 2950 1127 2989 11,
1139 2941 1195 2991 564·

214 3004 294 3054 ricula
308 3005 445 3073 copulans,
463 3001 506 3053 sed
520 3003 590 3052 idem
605 2999 717 3052 sonorae
778 3004 890 3074 Respicim
907 3007 951 3063 b,
967 3005 1048 3072 quaeste
1060 3017 1093 3049 me
1106 3002 1185 3046 circum
1203 3014 1252 3048 co-

209 3070 298 3130 staerim.
316 3075 409 3117 Plautus
426 3068 543 3118 Bacchid.
563 3068 618 3118 Aer.
631 3083 669 3119 11.
681 3073 718 3118 Sc.
812 3073 871 3135 pia,
889 3070 963 3130 lustro.

216 3149 323 3194 111,45.
340 3141 403 3182 Dum
419 3136 582 3196 circumspello,
599 3148 675 3200 atque
686 3153 719 3199 ego
746 3134 795 3186 Ubi
814 3139 907 3185 Seruius
921 3169 929 3192 ‚
945 3135 1062 3183 notandum
1079 3163 1086 3187 ,
1103 3127 1204 3193 inquit,
1222 3135 1251 3180 de

213 3201 308 3246 lembum
325 3202 436 3264 conspicor.
462 3203 544 3249 Nonius
559 3204 679 3249 Marcellus
692 3217 718 3267 p.
745 3207 838 3250 exercitu
863 3216 949 3250 numero
971 3215 1020 3245 cum
1035 3197 1110 3257 diuiffe
1121 3197 1249 3258 stuprum,

215 3281 273 3330 554.
292 3271 375 3330 Atque
390 3271 497 3330 particula
516 3287 561 3305 -··
572 3267 679 3329 fignificat
694 3287 716 3314 e·
746 3285 794 3314 cum
809 3269 893 3332 copias
911 3267 936 3311 de
956 3266 1048 3310 exercitu
1064 3279 1150 3308 numero
1165 3265 1251 3324 plurali

214 3335 270 3378 tiam
288 3332 403 3380 celeriter
421 3329 558 3392 blisum,
573 3347 598 3381 ut
616 3336 717 3398 Virgilius
746 3337 849 3382 dicamus.
869 3334 936 3380 Silius
950 3332 1040 3377 Italicus
1056 3325 1141 3378 libret
1147 3337 1222 3386 ‚267.

214 3400 398 3458 Georg.1‚203.
764 3419 824 3455 J—
832 3405 893 3444 Nunc
901 3392 1078 3458 dcmdepedestris

139 3512 142 3517 ,
247 3476 301 3511 J·-
313 3465 337 3509 Si
345 3464 497 3523 bruelriuforre
505 3467 603 3525 remifit,
781 3465 864 3528 Copia
877 3476 959 3526 quantu
967 3465 1021 3511 viri.

246 3534 334 3594 Atque
343 3531 407 3575 illum
415 3532 438 3574 in
443 3544 532 3595 praceps
538 3546 604 3596 prmo
618 3533 675 3594 rapit
683 3534 718 3576 al·
735 3529 811 3577 ,Vide
826 3529 904 3576 etiam
921 3541 1002 3576 notat.
1025 3526 1057 3575 ad
1074 3526 1119 3578 lib.
1131 3544 1153 3577 r.
1170 3532 1197 3577 B.
1216 3533 1248 3580 C.

280 3612 335 3641 'treus
348 3597 416 3645 amni.
746 3608 801 3659 cap.
819 3609 875 3644 xlv.
901 3594 988 3644 Editio
1005 3597 1103 3643 Beroald.
1121 3593 1251 3657 equestrem·

213 3664 272 3711 Haec
287 3661 334 3709 ille
352 3673 439 3709 mutuo
458 3658 542 3710 sumfit
559 3677 590 3709 ex
607 3664 646 3706 Λ.
664 3662 718 3705 Gel—
747 3658 926 3725 quesopt'amhie
935 3674 1067 3731 perpetum
1080 3655 1251 3729 representat!

215 3731 240 3774 m
257 3727 333 3781 Nom.
358 3727 438 3784 Attis.
455 3725 504 3787 libt
523 3742 549 3789 ι,
565 3740 621 3795 cap.
639 3739 716 3778 xxrx.
747 3726 817 3795 Idem,

213 3798 310 3847 Davus.
601 3796 603 3801 ’
728 3822 731 3833 ·
