2616 4462
155 272 232 367 77⁶
388 210 1010 342 AssllratrrComunNr.

160 386 257 476 stus,
282 382 436 459 celeriter
445 384 598 482 equitatu
609 381 879 480 cohortibusque.
894 373 1201 454 circumcluditur]

112 513 140 591 4
164 499 175 535 ¹
200 485 284 569 Erat
298 483 444 556 accessus
455 483 521 555 loci
534 479 734 554 difficultas:
753 504 830 552 nam
846 479 988 562 iccirco,
1005 475 1109 574 quod
1121 499 1199 572 pro·

163 601 243 678 pter
258 580 334 653 suos
349 581 369 652 ai
384 579 502 653 nostro
518 576 675 677 praesidio
696 577 808 650 suisset
824 575 1051 671 conspedlu's,
1076 574 1199 646 celeri·

162 701 216 752 ter
238 679 412 750 munitum
438 676 554 749 locum
588 697 706 748 natura
727 694 862 772 ceperat
892 673 953 745 fibi
977 671 1196 769 Pompejus,

152 793 277 872 quem
290 775 350 848 vix
366 780 488 872 magna
509 770 731 846 multitudine
748 769 889 845 dedusli
906 769 1129 869 hominesex
1148 768 1196 842 su·

111 879 140 970 '5
167 872 298 971 periore
314 871 395 945 loco
409 868 589 943 defendere
612 869 759 969 poll'ent.
784 869 978 944 Subeuntes
994 867 1030 938 in
1043 865 1219 941 adventu'

166 969 274 1040 nostri
289 967 511 1065 depelluntur
525 967 622 1055 telis3
645 966 771 1066 quibus
789 965 1010 1050 cedentibus,
1035 964 1195 1060 cupidius

121 1073 124 1079 '
166 1065 429 1162 insequebantur
443 1064 640 1150 adversarii,
656 1067 693 1139 &
710 1062 888 1138 confestim
899 1059 1079 1135 tardabant
1095 1062 1142 1136 ab
1150 1087 1198 1137 ac·

115 1161 143 1256 ῤ
167 1161 269 1236 cess'u.
294 1161 379 1235 Hoc
388 1159 507 1260 saepius
516 1159 629 1251 sablo,
646 1159 978 1235 animadvertebatur
994 1158 1120 1232 nostro
1134 1185 1196 1234 ma·

166 1282 240 1359 gno
255 1258 290 1330 id
305 1258 379 1332 fieri
396 1259 558 1356 periculo,
584 1278 597 1310 2
615 1260 733 1360 Opere
749 1258 1013 1348 circummunire
1029 1257 1199 1352 instituit,

166 1357 240 1450 pari
257 1375 370 1428 autem
391 1359 428 1429 δε
443 1355 544 1448 celeri
559 1354 773 1430 festinatione
786 1356 915 1429 circum
935 1354 1152 1432 munitiones
1167 1359 1198 1430 in

162 1455 253 1551 jugo
270 1451 446 1551 dirigunt,
470 1473 510 1526 ut
525 1478 628 1551 aequo
644 1454 733 1552 pede
749 1478 829 1527 cum
846 1452 1041 1525 adversariis
1055 1477 1199 1556 congro·

168 1548 366 1645 dipossent3
390 1548 918 1649 aiquibuscumanimadversum
934 1550 1038 1641 essct,
1061 1550 1197 1652 fugali·

168 1643 206 1718 bi
223 1645 417 1739 praesidium
432 1647 583 1742 capiunt.
788 1713 792 1720 .
1069 1651 1074 1663 ’

17 1826 22 1835 ,
116 1750 141 1805 41
212 1743 442 1822 ,ΧΧΧΙΧ.·
461 1747 668 1844 Pompejus,
691 1765 732 1820 ut
747 1747 846 1843 supra
861 1743 1198 1838 demonstravimus,

136 1920 139 1925 ,
168 1841 320 1933 saucius,
342 1843 379 1915 δε
396 1842 525 1915 intorto
542 1843 634 1932 talo,
658 1845 782 1917 iccirco
798 1843 988 1917 tardabatur
1004 1845 1046 1916 ad
1061 1844 1199 1946 fugien-

170 1939 275 2012 dum:
300 1939 452 2035 itemque
463 1941 683 2036 propterloci
694 1941 950 2031 difficultatem,
975 1955 1088 2038 neque
1100 1968 1200 2041 equo,

82 2080 90 2097 «
172 2059 284 2132 neque
306 2034 470 2108 vehiculo
494 2037 591 2109 saluti
607 2039 675 2110 suae
699 2038 894 2135 praesrdium
920 2061 1034 2135 parare
1052 2061 1197 2139 poterat.

122 2157 148 2210 2
171 2131 323 2204 Caedesai
338 2129 460 2204 nostris
471 2133 623 2232 undique
633 2134 951 2223 administrabatur,
973 2136 1113 2211 exclusa
1129 2163 1202 2212 mu·

171 2229 302 2302 nitione
320 2286 331 2317 ‚
353 2227 543 2326 amissisque
558 2231 703 2304 auxiliis.
737 2232 793 2306 Ad
811 2233 1004 2306 convallem
1020 2255 1141 2309 autem
1158 2257 1202 2310 at·

121 2343 144 2425 3
171 2349 240 2421 que
251 2324 388 2398 exesum
405 2326 524 2400 locum
536 2349 575 2402 ut
589 2329 782 2428 speluncam
797 2331 983 2426 Pompejus
1001 2329 1032 2402 se
1048 2336 1201 2408 occulta·

171 2445 207 2493 re
224 2421 353 2518 coepit,
376 2445 416 2495 ut
431 2423 450 2496 d
468 2426 589 2498 nostris
605 2452 676 2500 non
693 2427 789 2499 facile
806 2428 1043 2517 inveniretur,
1068 2431 1134 2502 nifi
1154 2456 1203 2506 ca-

167 2516 349 2617 ptivorum
367 2518 506 2593 indicio.
539 2540 551 2580 ³
571 2522 621 2595 Ita
638 2524 685 2596 ibi
702 2523 921 2597 interficitur.
946 2546 964 2588 4
980 2525 1105 2621 Quum
1124 2529 1203 2604 ‹3ae-

167 2614 221 2688 sar
237 2615 453 2714 gradiebatur
468 2614 657 2714 Hispalim,
681 2620 790 2714 pridie
808 2621 861 2694 Id.
887 2622 1015 2719 Aprilis
1029 2648 1139 2723 caput
1158 2627 1204 2700 al-

170 2712 300 2806 latum,
316 2715 352 2787 &
368 2714 501 2813 populo
517 2717 634 2788 datum
650 2716 698 2789 est
715 2717 751 2789 in
766 2718 1001 2819 conspectum.

1048 2819 1142 2893 XL.
1152 2824 1205 2897 ln·

206 2951 229 2986 r.
247 2943 303 2986 Erat
318 2940 408 3001 accoffus
422 2902 667 3001 locidrfficultflyoan.
701 2956 760 2991 nem
776 2941 897 3009 oppidum
912 2941 928 2992 ὶ
943 2943 1023 3002 cesonio
1039 2938 1111 2988 fuisse
1123 2950 1203 2996 inter·

102 3016 106 3023 ·
170 3005 317 3067 Glandarpius
340 3006 440 3069 reponit
461 3018 509 3053 erat
524 3009 613 3068 acceffus
631 3011 670 3054 loci
700 3007 812 3066 festum,
831 3024 907 3074 quem
922 3011 1022 3062 Kreirrrrr
1034 3008 1142 3063 Astraeae
1162 3029 1202 3062 vo·

171 3068 280 3128 dffcilis,
298 3072 323 3120 δι
339 3068 372 3120 fic
382 3067 493 3118 disertim
503 3071 605 3122 exbibet
615 3078 667 3122 MS·
702 3098 742 3137 cat
757 3088 819 3131 Dim
837 3086 913 3147 caffius
928 3079 972 3129 lib.
992 3091 1078 3128 xt111.
1091 3094 1119 3143 p.
1144 3107 1201 3149 23³·

169 3138 262 3184 Noraic.
281 3138 318 3181 Ac
335 3136 400 3184 reste
417 3136 536 3199 quidem3
555 3137 601 3187 nisr
617 3138 670 3189 for·
701 3152 742 3202 ed,
760 3156 859 3200 Hauon.
893 3150 959 3194 Idem.

168 3195 215 3244 san
233 3200 348 3262 proxime
366 3201 398 3249 ad
420 3215 516 3252 veteres
542 3203 613 3255 editt.
633 3206 669 3255 le·
732 3239 757 3279 4,
775 3219 853 3279 Qum
872 3213 940 3272 cesar
953 3211 1094 3271 gradiebatur
1118 3220 1203 3284 Hrspa·

170 3263 282 3331 gendum
306 3262 415 3340 litarat,
439 3270 518 3331 acceffu
534 3272 588 3330 loci,
612 3271 668 3334 diffi-
699 3289 754 3340 lim,
768 3281 836 3344 pridie
845 3281 878 3327 Id.
895 3276 999 3336 Aprilis]
1017 3279 1116 3334 Miror,
1136 3285 1202 3337 unde

169 3330 246 3378 cultas.
281 3334 384 3384 Davres.
451 3366 455 3375 ·
699 3350 808 3404 fastum,
821 3356 848 3392 ut
863 3344 900 3391 ita
907 3338 1014 3390 ediderit
1026 3345 1073 3405 Jof.
1086 3348 1200 3413 Scaliger,

206 3410 229 3441 2.
249 3401 314 3457 Opere
328 3401 597 3463 circummrrnireinstiruit]
615 3404 669 3450 Ms.
700 3428 756 3463 cum
770 3428 823 3460 non
839 3405 920 3456 solum
938 3412 1005 3456 MSS.
1018 3411 1132 3467 vasta&
1142 3424 1200 3467 Nor.

170 3465 263 3516 Norvrc.
278 3476 339 3539 capra
348 3466 394 3512 loca
401 3481 459 3530 opera
467 3470 517 3518 &o
527 3481 556 3515 ac
566 3468 602 3515 ita
612 3463 668 3530 sup·
699 3482 743 3526 vic.
759 3491 845 3526 verum
854 3470 1048 3538 etiamimpressi
1058 3488 1120 3525 vert.
1131 3487 1200 3550 ψ,

170 3525 293 3591 plendum
302 3529 407 3581 videtur.
441 3535 509 3581 Idem.
700 3548 750 3591 Vera.
770 3542 867 3590 Beroald.
892 3538 1028 3589 exhibeant
1044 3557 1112 3604 quum
1132 3553 1202 3612 casas

206 3622 228 3659 3.
248 3611 285 3652 Ita
298 3607 327 3652 ili
335 3608 477 3668 interficitur]
496 3609 607 3654 Narrant
617 3608 668 3651 Fle-
698 3609 794 3655 Gadibus
821 3607 912 3668 fuiffet,
938 3609 1045 3670 Hispalim
1067 3610 1140 3670 pridie
1165 3619 1203 3667 ld,

162 3685 207 3716 *rus
224 3669 268 3721 lib.
280 3685 317 3720 rr.
329 3686 383 3735 cap.
396 3687 434 3724 rr,
447 3679 487 3717 ⁸⁶.
507 3683 614 3732 eumque
630 3667 666 3717 se·
700 3678 807 3736 Aprilis,
824 3688 877 3739 qua
900 3687 959 3721 vera
980 3672 1148 3736 proculdubio
1168 3680 1203 3732 est

168 3739 304 3799 cutus-Jul.
324 3737 392 3852 Calpas
409 3749 434 3797 p.
454 3749 511 3793 245.
529 3737 578 3784 Cn.
594 3739 666 3786 Pom·
696 3740 791 3798 leeli03
808 3752 883 3806 patet
890 3739 959 3787 enim
975 3754 1006 3787 ex
1017 3755 1071 3804 cap.
1082 3756 1123 3792 xa.
1144 3750 1205 3799 cg.

167 3803 253 3870 prium
276 3799 462 3859 adolesentem
485 3798 550 3872 apud
572 3805 667 3858 Lauto-
697 3802 778 3865 satem
788 3804 902 3866 Gadibus
916 3801 1059 3877 tumsuille,
1092 3807 1171 3870 Idem,
1190 3812 1202 3851 'l
