2616 4462
66 294 125 360 g
203 291 279 371 552
431 211 1056 367 utentumsconnnnr.

157 399 183 476 6
205 410 301 474 erant
316 386 483 490 longius,
507 391 545 463 ὃ(
569 389 724 489 celeriter
745 390 883 464 aestibus
904 391 1152 467 exarescebant.
1189 394 1242 470 At

205 487 347 561 Caesaris
361 486 533 561 exercitus
547 486 677 584 optima
693 488 905 573 valetudine,
924 489 1123 587 summaque
1140 515 1241 589 aquae
1275 498 1278 502 “

163 669 168 679 ¹
204 585 303 682 copia
318 582 480 658 utebatur
497 607 508 671 ;
533 603 609 656 turn
632 608 843 660 commeatus
860 586 956 658 omni
973 611 1098 687 genere
1114 608 1242 686 praeter

49 715 52 720 ·
156 773 162 782 ἡ
202 679 419 755 frumentum
435 679 648 754 abundabat:
674 683 800 780 quibus
816 682 970 780 quotidie
996 684 1146 757 1melius
1163 685 1241 758 suc-

181 807 184 812 ’
203 780 324 852 'cedere
339 799 499 876 tempus,
522 780 757 880 majoremque
765 779 858 877 spent
875 779 1071 855 maturitate
1085 782 1241 856 frumen-

164 903 166 908 ·
204 894 322 949 totum
339 877 487 973 proponi
505 874 680 949 videbant.
1109 965 1110 971 η

148 969 176 1060 ft
251 971 297 1045 L.
324 973 366 1044 ln
382 997 479 1044 novo
498 993 622 1069 genere
637 971 719 1046 belli
737 997 840 1046 novae
862 973 905 1046 ab
921 974 1074 1074 utrisque
1091 974 1240 1049 bellandi

203 1071 351 1142 rationes
364 1069 631 1168 reperiebantur.
656 1072 711 1143 Illi
724 1127 734 1160 ,
747 1094 856 1168 quum
872 1071 1182 1149 animadvertissent
1195 1097 1240 1146 ex

204 1166 347 1273 ignibus
365 1166 472 1239 noslu
490 1168 650 1241 cohortes
667 1168 794 1241 nostras
810 1169 851 1238 ad
870 1170 1077 1242 munitiones
1091 1170 1242 1243 excuba-

204 1287 273 1354 re,
309 1282 324 1318 2
350 1262 483 1339 silentio
509 1263 639 1339 advetfi
668 1265 839 1338 universas
865 1265 952 1339 intra
979 1267 1241 1340 multitudinem

110 1449 111 1453 Ἰ
206 1359 341 1458 sagittas
358 1362 608 1459 conjiciebant,
633 1360 719 1435 &se
740 1359 920 1434 confestim
943 1363 984 1434 ad
1004 1363 1081 1434 suos
1100 1365 1242 1463 recipie·

158 1459 183 1536 s,
208 1455 299 1530 bant.
333 1457 474 1553 Quibus
497 1462 598 1532 rebus
620 1458 753 1542 nostri,
777 1457 839 1530 usu
855 1458 977 1547 dosii,
1004 1460 1078 1531 haec
1095 1462 1243 1556 reperie-

209 1553 291 1726 baqt
309 1556 455 1631 remedia
474 1613 486 1649 ,
511 1575 522 1618 ³
542 1577 583 1632 ut
605 1554 672 1630 alio
688 1555 768 1631 loco
784 1557 879 1656 ignes
897 1555 1046 1632 facerent
1064 1612 1075 1646 ,
1098 1555 1164 1628 alio
1180 1582 1243 1648 exg

208 1675 252 1728 cu
279 1673 384 1730 arent.

661 1779 795 1869 Defitnt.

162 1964 179 2017 1
254 1938 317 2014 LI.
344 1938 486 2017 Interim
502 1936 628 2016 certior
640 1937 803 2012 fusiusP.
820 1938 936 2031 Sulla,
951 1964 1054 2040 quem
1069 1935 1243 2014 discedens

208 2038 320 2112 eastris
344 2039 539 2136 praefeeetat
561 2036 706 2126 Caesat‚
729 2036 859 2109 auxilio
881 2040 1017 2112 cohorti
1036 2039 1137 2111 venit.
1157 2063 1241 2111 eum

207 2136 403 2246 legionibus
423 2161 478 2207 11.
503 2136 601 2232 cujus
616 2134 767 2207 adventu
782 2133 879 2206 facile
899 2135 976 2209 sunt
993 2134 1116 2231 repulsi
1133 2137 1242 2207 Pom·

156 2258 183 2314 ι
208 2236 329 2330 pejant.
356 2257 467 2330 neque
493 2257 577 2307 vero
601 2229 823 2329 conspedlum
841 2253 900 2305 aut
916 2233 1084 2329 impetum
1105 2232 1242 2304 nostro-

204 2353 284 2401 rum
313 2330 497 2404 tulerunt:
525 2327 710 2427 primisque
736 2327 903 2438 dejedlis‚
928 2329 1050 2428 reliqui
1072 2328 1104 2401 se
1129 2349 1243 2403 vette-

207 2445 315 2517 runt,
336 2428 373 2505 &
391 2425 471 2502 loco
487 2429 667 2505 cefferunt.
691 2428 758 2502 Sed
775 2424 991 2526 insequentes
1011 2426 1175 2596 nostros}
1197 2452 1242 2499 ne

1177 2547 1242 2598 on-

238 2709 262 2746 t.
286 2699 368 2744 Mlius
380 2697 490 2759 succedere
503 2700 608 2762 tempus]
632 2702 662 2748 V.
682 2710 704 2747 c.
738 2695 891 2763 exsculpere.
907 2696 1062 2766 Editoiqrm.
1076 2698 1242 2749 Venderuald.

203 2760 287 2815 noster
302 2765 415 2824 subtere,
431 2768 484 2814 MS.
503 2770 573 2829 Cujuc.
592 2765 630 2831 (ἃ
648 2771 706 2812 Nor·
740 2768 829 2814 Silentia
843 2765 928 2830 aggreffi
947 2767 1073 2826 universum
1089 2769 1147 2812 intra
1162 2765 1240 2811 multi-

203 2825 262 2893 νὴ.)
276 2830 400 2889 subterere,
415 2834 467 2883 Pet.
476 2832 588 2891 subterire,
599 2838 641 2880 An
651 2844 706 2878 cot·
738 2833 833 2878 tudinem
848 2849 857 2888 3
873 2829 938 2887 unde
955 2827 1139 2880 rescribendum
1158 2828 1241 2879 credi-

203 2907 304 2958 tuptum
317 2894 352 2948 est
370 2910 402 2946 εκ
415 2897 561 2957 subvenite?
594 2903 626 2952 D.
644 2891 705 2947 Vos-
740 2895 822 2946 detim
843 2899 927 2957 filentio
945 2897 1014 2960 egreffi
1036 2899 1162 2957 universam
1179 2901 1240 2946 r'ntru

191 2957 262 3013 ttius.
739 2966 899 3012 multitudinem
914 2967 964 3015 &u
981 2967 1020 3014 Sit
1032 2960 1076 3011 lib.
1092 2977 1148 3012 vu.
1165 2968 1190 3014 B.
1203 2967 1240 3013 G.

240 3044 264 3078 2.
296 3028 385 3075 Sil-entia
408 3027 497 3087 uinnst
513 3029 627 3089 universus
648 3029 707 3073 intra
740 3043 794 3095 cap.
813 3045 853 3080 xt.
871 3034 961 3079 Silentia
975 3047 1002 3076 ex
1017 3029 1089 3092 oppidu
1103 3027 1180 3088 egueffi.
1198 3034 1243 3078 Ac
1303 3045 1307 3059 .

202 3095 364 3143 multitudinem
376 3095 466 3158 sagitta
475 3097 624 3157 conjiciebant]
640 3097 671 3141 ln
679 3105 705 3138 a·
739 3110 794 3160 cap·
819 3113 913 3147 xxm.
942 3094 1112 3144 ditationatus
1130 3094 1241 3151 Cusurex

202 3157 248 3211 liis
269 3157 342 3208 codd·
362 3171 416 3207 orat
432 3162 515 3219 stitutio
529 3160 624 3223 adgreffi.
659 3156 706 3208 sed
739 3165 812 3220 nuituis
822 3164 920 3224 egreffus.
936 3160 1000 3211 Vide
1016 3161 1042 3208 δι
1057 3152 1169 3219 ejusdem
1177 3155 1241 3211 libri

203 3224 366 3282 udverfiinu.
385 3238 406 3277 c.
426 3225 510 3275 nostro
527 3229 553 3276 δι
570 3223 616 3276 ms.
627 3224 704 3285 Cuia·
739 3242 793 3291 cap.
811 3245 898 3278 tvttr.
931 3229 1025 3275 Devius.
1055 3253 1057 3261 v

202 3289 279 3340 tiano
294 3288 386 3355 legitur
402 3307 411 3346 ;
427 3293 470 3354 qui
480 3294 506 3341 δι
521 3307 567 3357 pro
584 3297 642 3340 intra
658 3289 703 3338 ha·
775 3311 798 3350 3·
814 3301 847 3342 vt
863 3298 907 3351 ulio
923 3296 965 3341 loco
980 3295 1035 3355 unct
1046 3288 1146 3348 facerent
1164 3323 1172 3345 ‚
1193 3294 1243 3339 alio

203 3352 246 3408 bet
264 3368 326 3404 turen
343 3356 370 3405 de
386 3351 420 3402 stc
437 3370 537 3420 quoque
553 3363 604 3410 Pet.
623 3369 702 3420 atpto
738 3362 885 3420 excubarent]
903 3357 1029 3408 Posttemae
1046 3352 1099 3402 duae
1114 3369 1187 3405 voees
1205 3357 1242 3407 ab

199 3421 317 3479 nniwrsu
333 3420 360 3469 in
379 3421 432 3473 tal.
450 3424 476 3474 δι
494 3428 574 3493 Bong.
592 3419 704 3474 scribitut
738 3424 855 3476 omnibus
871 3422 939 3474 mffis
954 3419 1050 3472 absunt.
1068 3425 1098 3470 ln
1114 3438 1138 3471 v.
1149 3437 1170 3471 e.
1189 3439 1241 3472 no·
1273 3440 1281 3457 ι

202 3486 338 3545 uniuersum,
371 3483 452 3537 Idem.
485 3503 487 3506 ·
737 3489 786 3540 stro
802 3506 903 3556 quoque
919 3487 1064 3552 estfignum
1077 3487 1168 3538 hiatus.
1203 3496 1240 3542 Er

237 3553 310 3609 tna]
327 3551 366 3602 Sit
378 3550 458 3601 edidit
475 3554 523 3614 Juf.
541 3556 635 3620 Scaliger
650 3588 657 3613 ‚
674 3571 705 3606 ato
736 3556 802 3606 nihil
819 3553 960 3611 certiusest
975 3568 1051 3620 quam
1069 3552 1151 3605 decise
1166 3571 1246 3606 eom-t
1286 3588 1289 3601 .

122 3677 125 3681 ,
202 3616 242 3671 ita
256 3613 316 3668 sane
332 3613 444 3672 scribitur
460 3621 488 3669 in
506 3624 572 3673 Mss.
587 3625 642 3684 Vuff.
661 3621 702 3669 cu
734 3623 815 3686 plura.
833 3621 991 3671 Desideratus
1006 3630 1090 3670 autem
1103 3637 1154 3687 quo
1169 3621 1240 3671 abie-

201 3686 246 3737 ὼε.
264 3687 343 3736 eetuu.
361 3686 388 3739 br
405 3691 495 3736 Nunniu-
514 3685 559 3738 uiti
578 3688 647 3753 quod
661 3688 702 3736 iili
736 3688 768 3736 rit
793 3686 875 3738 casae
897 3706 905 3737 a
930 3691 957 3752 ὃς
974 3688 1075 3737 initium
1090 3689 1239 3754 irruptionis

202 3750 260 3801 inter
275 3752 433 3797 multitudinem
443 3749 587 3803 exhibeant.
607 3760 645 3806 Ex
656 3754 704 3806 hae
736 3757 947 3820 Pompeianorum
966 3773 975 3814 3
992 3770 1024 3803 an
1037 3756 1111 3818 plura
1125 3770 1179 3812 nun
1194 3756 1237 3809 fa.

204 3825 292 3874 limen
313 3815 425 3876 leniunt
444 3818 511 3890 uiuit
531 3814 588 3895 stoi
604 3815 701 3894 polium
729 3821 785 3877 dtu
798 3820 918 3883 dietim
949 3821 1084 3895 D=V⁹ffiffl2
1232 3812 1237 3825 “
