2616 4462
225 252 301 356 '752
447 237 496 323 A.
539 188 1137 332 H1aaxrconuaau.

224 371 276 445 uti
293 366 480 470 fugerunt3
502 389 653 463 quorum
669 363 761 439 scuta
775 366 855 442 sunt
870 368 971 442 relata
987 392 1101 445 cxxx.
1160 384 1166 393 '
1209 390 1214 395 ·

181 513 198 563 t
270 469 319 544 X.
344 463 541 564 Insequenti
559 463 637 537 luce
653 464 845 563 Arguetius
860 490 903 540 ex
919 468 1013 541 Italia
1029 492 1111 543 cum
1128 492 1151 545 e
1178 471 1272 549 uita:

224 585 264 640 tu
280 566 396 640 venit:
423 566 451 637 is
467 561 559 659 ligna
573 563 844 656 Saguntinorum
861 564 979 638 retulit
994 588 1031 655 u,
1048 590 1129 665 quae
1141 490 1187 644 si
1200 571 1270 671 op·

174 699 199 752 2
223 664 356 761 pidanis
379 660 482 760 cepit.
515 659 588 732 Suo
605 658 684 731 loco
702 679 895 756 praetentus
909 662 959 734 est
978 718 990 754 ,
1010 665 1270 766 quod-equitet

175 792 198 874 3
222 785 266 833 ex
282 762 467 833 Italiacum
483 755 672 852 Asprenate
687 756 728 827 ad
737 754 910 832 ,Caesarem
924 759 1102 835 venissent.
1131 763 1188 839 Ea
1200 791 1268 841 no·

221 858 278 933 cte
293 855 480 954 Pompejus
497 852 601 926 castra
616 852 791 944 incendit,
815 857 851 929 &
867 855 908 928 ad
920 855 1128 932 Cordubam
1145 863 1267 939 versus

174 983 201 1064 4
222 954 287 1029 iter
301 952 409 1029 facere
424 951 544 1048 coepit.
568 951 652 1025 Rex
662 949 801 1026 nomine
818 952 929 1043 Indo,
953 955 1014 1050 qui
1030 979 1110 1029 cum
1124 960 1265 1059 equita·

223 1073 263 1127 tu
281 1051 352 1125 suas
366 1050 479 1148 copias
492 1047 701 1138 adduxerat,
725 1045 808 1122 dum
825 1050 983 1150 cupidius
999 1074 1124 1151 agmen
1139 1056 1263 1132 adver·

220 1148 385 1223 sariorum
404 1146 615 1244 insequitur,
640 1145 866 1223 ivernaculis
883 1147 1079 1249 legionariis
1092 1144 1264 1256 exceptus

142 1266 146 1273 “
220 1247 293 1336 est,
310 1250 347 1321 ὃ(
363 1243 576 1322 intersedius.
939 1283 943 1292 ·

170 1373 194 1439 ἰ
270 1345 340 1419 ΧΙ.
358 1343 502 1418 Postero
510 1343 566 1417 die
580 1341 711 1441 equites
721 1340 827 1418 nostri
842 1342 982 1444 longius
997 1344 1038 1421 ad
1049 1344 1260 1427 Cordubam

171 1451 175 1459 '
221 1442 338 1518 versus
355 1438 521 1554 persecuti
541 1439 621 1515 sunt
642 1463 701 1513 eos
724 1497 736 1531 ‚
768 1442 830 1540 qui
851 1462 1063 1518 commeatus
1084 1444 1127 1518 ad
1153 1444 1260 1523 castra

109 1589 113 1598 ·
220 1540 382 1638 Pompeji
405 1564 450 1612 ex
468 1537 599 1634 oppido
616 1536 819 1635 portabant,
842 1564 886 1613 ex
905 1538 943 1615 iis
957 1542 1046 1636 capti
1062 1564 1087 1613 1.
1105 1566 1190 1617 cum
1200 1545 1260 1644 ju.

172 1678 197 1733 2
221 1635 345 1711 mentis
360 1637 403 1710 ad
425 1635 538 1709 nostra
555 1634 695 1709 adducti
715 1633 795 1709 sunt
810 1636 924 1710 castra.
975 1638 1111 1714 Eodem
1128 1640 1186 1725 die
1205 1642 1256 1741 Q.

219 1732 374 1809 Marcius
385 1732 545 1808 tribunus
559 1733 630 1805 mil.
640 1731 824 1831 quisuill'et
834 1735 993 1835 Pompegji
1006 1736 1066 1827 ,ad
1076 1759 1142 1810 nos
1151 1760 1260 1815 trans·

217 1831 331 1932 sugit:
357 1833 394 1907 &
408 1830 519 1905 nostis
529 1829 625 1904 tertia
634 1830 751 1930 vigilia
759 1831 794 1902 in
809 1832 941 1941 oppido
950 1832 1112 1907 acerrime
1122 1859 1260 1935 pugna·

219 1952 296 2005 tum
312 1929 360 2004 cst
379 1954 390 2018 3
413 1929 602 2099 ignemgue
618 1931 770 2002 multum
789 1930 984 2018 miserunt3
1010 1945 1021 1981 ¹
1043 1928 1089 2004 lic
1102 1951 1148 2006 ut
1163 1936 1204 2011 δι
1222 1960 1261 2009 o·

218 2051 301 2102 mne
318 2051 454 2128 genus,
477 2026 540 2124 qui
567 2051 606 2099 us
628 2024 717 2124 ignis
731 2047 792 2121 per
810 2025 921 2123 Jastus
940 2025 1057 2102 solitus
1078 2026 1128 2100 est
1147 2030 1257 2108 mitti.

172 2164 194 2246 3
219 2127 304 2201 Hoc
322 2124 497 2224 praeterito
508 2142 684 2222 tempore,
704 2122 749 2196 C.
767 2122 1205 2225 FundaniuscquesRom.
1216 2152 1261 2207 ert

218 2224 332 2300 castris
345 2220 613 2296 adversariorum
629 2220 669 2295 ad
685 2244 748 2294 nos
763 2219 957 2320 transfugit.

174 2359 192 2409 t
266 2322 351 2398 XII.
381 2319 524 2395 Postero
540 2320 593 2393 die
614 2343 658 2391 ex
674 2317 810 2418 legione
833 2319 1015 2396 vernacula
1031 2320 1160 2396 milites
1177 2323 1262 2401 sunt

218 2424 308 2518 capti
325 2417 368 2492 ab
383 2416 558 2516 equitibus
575 2415 698 2491 nostris
716 2416 810 2507 duo,
834 2417 895 2514 qui
910 2417 1072 2491 dixerunt
1089 2418 1122 2493 se
1142 2419 1263 2500 servos

170 2550 197 2604 2
218 2520 303 2594 effe:
331 2542 442 2617 quum
455 2516 633 2603 venirent,
657 2514 788 2613 cogniti
804 2513 1111 2606 suntdmilitibus,
1127 2517 1191 2615 qui
1201 2545 1264 2599 aa.

218 2636 270 2693 tea
286 2640 366 2709 curn
382 2614 492 2688 Fabio
505 2614 541 2688 δι
556 2610 666 2686 Pedio
680 2610 837 2704 fuerant,
860 2610 930 2687 &a
947 2610 1130 2687 Trebonio
1146 2636 1262 2695 trans·

216 2713 389 2815 fugerant.
415 2711 477 2784 Eis
495 2710 535 2783 ad
554 2707 802 2808 ignoscendum
820 2709 914 2783 nulla
929 2708 978 2782 est
998 2710 1074 2786 data
1094 2709 1265 2813 facultas,

167 2822 192 2918 '3
218 2815 255 2889 dt
271 2813 292 2888 a
310 2810 476 2886 militibus
493 2805 615 2880 nostris
628 2802 800 2879 intersedei
817 2805 907 2883 sunt.
934 2825 948 2859 2
967 2807 1103 2882 Eodem
1119 2826 1266 2911 tempo.

216 2934 255 2987 re
270 2909 362 3011 capti
374 2904 557 2991 tabellarii,
583 2903 643 3004 qui
662 2902 682 2979 a
697 2903 866 2982 Corduba
881 2906 924 2983 ad
940 2906 1149 3007 Pompejum
1167 2912 1266 2991 milli

1131 3023 1265 3107 erant,

216 3223 218 3227 .
245 3155 275 3213 t.
292 3161 329 3211 Sic
343 3172 369 3210 ur
384 3158 412 3215 ὁ·
428 3162 581 3224 omnegmus,
598 3154 715 3224 qulbuslg·
750 3151 881 3272 inulperis
897 3150 990 3205 mutati
1004 3162 1056 3201 non
1066 3141 1160 3195 debuit.
1198 3151 1264 3203 No.

215 3225 251 3275 nis
260 3240 300 3292 per
309 3230 384 3290 janus
396 3229 475 3290 solitus
491 3226 520 3286 est
534 3227 602 3284 mitri]
619 3225 715 3276 Addita
750 3220 797 3271 ster
819 3236 880 3289 upra
895 3234 952 3284 cap.
964 3231 1018 3267 ιιι.
1035 3218 1092 3262 Erat
1106 3210 1178 3262 idem
1186 3225 1261 3271 tem-

215 3295 326 3352 vocula,
342 3308 372 3344 ex
394 3296 556 3345 Ms.'Norvic.
579 3286 715 3342 rescriben·
750 3290 819 3353 poris
837 3293 900 3338 Sext.
919 3268 1030 3345 alapam
1041 3279 1135 3355 frater..
1153 3284 1192 3330 Ac
1206 3284 1260 3334 ite·

216 3357 279 3410 dum
287 3360 715 3422 solitusestnritrt',exerceretur,alio-
750 3370 822 3404 tum:
847 3351 925 3402 Incidit
938 3347 1008 3397 idem
1028 3357 1160 3410 temporis.
1195 3351 1259 3401 Nee

215 3427 280 3491 quin
293 3425 378 3476 hiulca
398 3424 432 3474 est
447 3425 540 3474 oratio.
574 3427 613 3472 De
627 3423 715 3474 instru—
750 3421 825 3470 aliter
840 3432 895 3482 cap.
906 3429 949 3465 xx.
966 3415 1068 3490 ldqnque
1084 3415 1186 3489 temporis
1205 3433 1261 3466 ceu-

216 3493 310 3544 mentis
319 3489 409 3559 quibus
421 3491 488 3555 ignis
503 3491 553 3552 jaci
566 3487 655 3539 solitus
664 3489 715 3549 est,
749 3489 841 3533 turinnes
856 3484 962 3539 lancae,
994 3492 1032 3529 rra
1057 3492 1127 3528 enim
1144 3492 1176 3528 ex
1188 3482 1256 3535 ms,

213 3556 281 3609 aditi
305 3557 399 3626 poterit
417 3556 476 3615 Just.
502 3557 585 3620 Lipfius
607 3557 714 3606 Poliorc.
748 3554 840 3599 Nervic.
858 3550 885 3600 δι
902 3546 976 3598 editt.
992 3553 1059 3614 ‘Rom
1079 3550 1128 3593 Vm.
1150 3549 1259 3601 Bnoald.

213 3622 296 3677 liba.
312 3624 503 3679 Dial.11‚&v.
519 3625 614 3670 Davies.
746 3611 844 3681 reposui
863 3648 871 3673 ‚
895 3628 952 3665 cum
978 3613 1006 3662 in
1031 3611 1117 3678 vulgg.
1137 3612 1267 3683 ‹edatque-

248 3706 272 3742 ι.
288 3693 371 3741 Eodem
393 3701 486 3751 tempore
509 3691 565 3752 capri
592 3685 715 3750 rebellant]
746 3695 838 3746 tempore
851 3681 989 3755 legeretur¹
1003 3676 1069 3754 ,Vid‘
1087 3681 1180 3751 serap.
1191 3692 1258 3753 ¹¹³·

213 3756 267 3813 κδ.
283 3760 376 3810 noran.
396 3756 423 3807 δι
438 3752 512 3807 editt.
528 3761 594 3822 Ψ.
614 3756 715 3803 Verasse·
747 3749 816 3807 idem.
1120 3758 1125 3762 '

211 3825 283 3896 ruli.
300 3821 424 3881 anubem
438 3821 496 3876 iarn
509 3815 714 3893 supermirati
812 3813 820 3824 “
