2616 4462
147 282 225 379 692
382 275 1002 358 n.H1ni1100nnnnn

144 389 348 467 cohortibus
364 395 536 493 pervenit.
561 392 748 467 Confidius
764 393 919 480 interim,
938 415 1048 492 quum
1066 391 1110 465 ad
1126 414 1188 468 ur·

146 485 227 560 bem
247 514 326 563 cum
348 493 457 590 copiis
472 490 679 581 accessrss'et,
703 493 740 565 &
763 490 1052 565 animadvertisset
1069 491 1189 588 ptaeli·

144 584 242 658 dium
260 588 404 663 Caesaris
422 590 469 662 ibi
484 587 570 673 ell'e,
593 612 665 660 non
684 587 782 660 ausus
798 589 954 685 periculo
969 588 1030 660 suo
1047 613 1120 661 rem
1137 589 1189 662 fa-

144 706 241 772 cere,
266 687 360 758 nulla
372 711 407 759 re
423 676 590 784 gella'pro
603 684 827 757 multitudine
843 687 1046 768 hominum,
1072 689 1191 761 rursus

98 789 123 867 5
147 780 379 855 Adrumetum
397 783 429 855 se
446 783 586 876 recipit:
612 782 735 855 deinde
752 781 867 878 paucis
885 783 962 880 post
978 782 1127 872 diebus,
1152 811 1190 858 e-

148 878 343 974 questribus
357 879 463 977 copiis
477 878 497 950 al
513 879 669 951 Labieno
681 879 858 970 addudlis,
883 879 997 954 rursus
1010 879 1190 956 Acilianos

147 969 262 1046 castris
278 976 394 1071 politis
410 975 564 1065 oblidere
582 974 701 1074 coepit.

104 1072 128 1128 1‘
199 1071 1188 1182 XXXlV.PeridtempusC.SallustiusCrispus‚quem
1229 1156 1230 1161 ,

149 1168 265 1264 paucis
279 1192 357 1243 ante
372 1169 492 1244 diebus
508 1170 643 1244 millum
657 1169 676 1242 al
692 1168 827 1243 Caesare
840 1195 922 1242 cum
934 1171 1031 1245 clalli:
1043 1172 1189 1246 demon·

100 1271 132 1335 2,
150 1263 359 1357 stravimus,
383 1268 591 1341 Cercinnam
618 1267 786 1364 pervenit.
824 1267 938 1364 Cujus
963 1269 1116 1342 adventu
1140 1269 1187 1344 C.

148 1362 327 1438 Decimius
346 1365 570 1460 quaestorius,
594 1363 655 1462 qui
671 1363 718 1436 ibi
735 1387 815 1436 cum
833 1365 954 1462 grandi
970 1365 1188 1441 familiaesuae

148 1459 306 1553 praesidio
321 1485 464 1556 praeerat
481 1461 710 1552 commeatui,
733 1462 919 1558 parvulum
937 1463 1116 1561 navigium
1129 1488 1189 1537 na·

103 1555 125 1634 3
149 1551 227 1629 llus
243 1559 460 1646 conscendit,
483 1585 522 1632 ac
537 1557 673 1657 sefugae
689 1560 919 1650 commendat.
943 1560 1122 1634 Sallustius
1133 1561 1189 1634 in-

149 1654 248 1725 terim
264 1655 427 1750 praetori
443 1655 708 1731 Cercinnatibus
722 1676 894 1753 receptus,
921 1681 1049 1758 magno
1065 1682 1189 1730 nume·

150 1775 191 1823 ro
208 1751 371 1826 frumenti
387 1754 552 1844 invento,
577 1777 678 1826 naves
688 1753 874 1842 onerarias,
892 1777 1039 1852 quarum
1050 1754 1096 1826 ibi
1112 1754 1188 1830 satis
1216 1789 1220 1797 ·

150 1871 274 1946 magna
290 1850 387 1946 copia
403 1849 489 1935 fuit,
512 1850 692 1945 complet,
714 1871 818 1948 atque
837 1850 876 1922 in·
891 1851 996 1925 castra
1011 1853 1052 1924 ad
1071 1850 1187 1925 Cacsa-

98 1953 128 2033 '4
152 1970 224 2017 rem
241 1948 359 2022 mittit.
390 1947 548 2021 Allienus
564 1950 699 2022 interim
717 1947 904 2045 proconsul
925 1947 944 2020 ὲ
963 1947 1129 2047 Lilybaeo
1151 1950 1188 2024 in

151 2067 256 2116 naves
273 2045 439 2120 onerarias
456 2045 605 2143 imponit
626 2044 779 2142 legiones
796 2070 866 2119 xri
879 2071 911 2136 1,
925 2047 963 2120 &
982 2071 1069 2130 xiv,
1090 2049 1128 2122 δε
1151 2071 1188 2120 e·

135 2134 262 2238 =quites
271 2142 393 2216 Gallos
410 2167 523 2230 occe,
538 2141 754 2214 funditorum
770 2141 1091 2242 sagittariorumque
1110 2143 1189 2216 mil-

149 2237 205 2327 le,
227 2241 698 2314 acsccundumcommcatum
715 2240 912 2312 inAfricam
928 2240 1036 2314 mittit
1050 2242 1091 2314 ad
1104 2242 1187 2315 Cae-

149 2335 255 2408 sarem
275 2362 283 2408 ε
309 2362 387 2434 quae
403 2361 526 2426 naves,
550 2357 695 2410 ventum
715 2337 902 2410 secundum
922 2337 1051 2422 naclae,
1071 2363 1114 2412 tv
1131 2340 1186 2414 die

151 2431 187 2504 in
204 2453 344 2530 portum
362 2436 404 2506 ad
421 2433 614 2533 Ruspinam
632 2493 643 2521 ,
667 2433 731 2506 ubi
744 2433 860 2507 Caesar
875 2432 980 2508 castra
1001 2436 1189 2530 habuerat,

101 2532 128 2606 5
151 2528 342 2604 incolumes
356 2549 601 2629 pervenerunt.
620 2530 933 2628 ItaCaesarduplici
943 2531 1060 2607 laetitia
1074 2560 1113 2607 ac
1123 2560 1187 2609 vo·

149 2627 284 2724 luptate
297 2653 369 2702 uno
385 2650 542 2724 tempore
557 2626 702 2711 nullus,
728 2646 739 2679 1
760 2627 939 2704 frumento
959 2631 1188 2730 auxiliisque,

148 2725 289 2800 tandem
305 2725 372 2802 suis
386 2727 599 2821 exhilaratis,
624 2750 839 2826 annonaeque
855 2727 967 2803 levata
981 2729 1190 2803 sollicitudi-

1117 2851 1191 2910 ne,

149 2955 182 3005 ale
198 2952 286 3005 Africa
300 2961 400 3025 proprie
416 2958 483 3009 dista
500 2976 508 3007 z
525 2959 605 3023 oppida
622 2960 650 3005 h'·
676 2954 951 3018 suisexhilaratisanimo
965 2967 1039 3018 atque
1054 2952 1188 3010 levarafor'-

148 3025 199 3071 hera
214 3038 274 3073 xxx.
292 3043 318 3071 ex
332 3030 408 3091 quibus
421 3028 649 3074 dicendainasolca-
681 3024 790 3071 licitudine
807 3041 816 3071 .·
832 3030 885 3075 MS.
902 3025 977 3082 Urstn.
990 3021 1102 3079 frumento
1116 3026 1186 3068 auxi·

147 3091 260 3145 liranum,
275 3096 439 3141 „Acharitanum
450 3126 457 3149 ‚
469 3094 518 3142 dcc.
529 3104 555 3138 ut
566 3103 607 3138 aut
617 3091 650 3138 il·
668 3089 757 3153 'hisque
781 3094 866 3138 randum
878 3090 924 3151 fuis
940 3090 1049 3133 hilaratus
1059 3117 1075 3158 ‚·
1083 3100 1185 3135 annona·
1211 3096 1213 3101 '

149 3155 359 3216 limentinum,
377 3157 650 3222 authicodaoladcgi
681 3172 721 3219 que
738 3158 813 3204 levata
823 3154 991 3219 sallics'raa'me:
1017 3154 1051 3199 At
1068 3165 1096 3197 tn
1114 3152 1182 3203 Cod.

140 3220 249 3273 debeat.
268 3223 314 3273 Sed
323 3226 350 3273 in
365 3222 461 3291 scriptis
471 3220 598 3274 codicibus
608 3232 649 3269 oa·
682 3225 770 3268 Iuarvic.
779 3221 870 3285 legitur
874 3219 985 3277 frumento
993 3217 1124 3279 auxiliisque
1132 3232 1183 3266 san-

147 3293 206 3339 chila
223 3291 332 3357 legitur,
352 3289 521 3342 &iPtalcmar
535 3289 650 3336 ineate·
680 3287 728 3332 ilem
741 3287 789 3345 suis
804 3288 934 3339 hilaratus,
961 3299 1089 3347 annonaque
1108 3287 1183 3332 lenanu

146 3360 226 3424 glorie
245 3362 320 3406 tAcola
333 3357 454 3414 refertur,
474 3367 500 3403 ut
515 3352 559 3402 hic
571 3355 649 3399 tacho-
674 3351 840 3425 fallacitualinem
848 3351 943 3412 deponit:
959 3353 1047 3427 legiones
1060 3353 1182 3415 equarufqaoe

135 3429 188 3482 ua,
206 3427 232 3474 &
247 3425 313 3489 apud
330 3427 426 3471 Plinium
443 3423 601 3468 Acholiranum
611 3419 648 3467 le·
678 3432 703 3460 ex
719 3416 811 3462 navibus
827 3418 876 3466 dte.
894 3413 972 3465 Unde·
982 3426 1090 3465 minima
1100 3431 1182 3467 muta.

144 3493 174 3559 gi
191 3490 280 3540 debere
297 3489 420 3539 videntum
457 3488 548 3533 ciaccon
676 3479 766 3536 tione,
783 3495 881 3545 eaque,
898 3498 924 3534 ut
943 3482 1057 3539 videtur,
1078 3483 1111 3531 ad
1126 3481 1183 3533 sen-

181 3571 203 3607 r.
221 3563 336 3604 Frumento
352 3549 646 3617 auxihisqus,sandemsm's
677 3541 731 3593 sum
755 3545 915 3607 necessaria,
940 3546 1049 3599 tescnlro
1068 3549 1184 3608 frumenta

143 3627 272 3672 exhilaratis
288 3656 296 3676 ‚
312 3635 439 3682 annonaque
453 3621 527 3665 levata
538 3616 646 3675 filhcita·
676 3615 821 3678 auxiliisque,
838 3617 925 3663 tandem
935 3617 980 3676 suis
998 3620 1099 3664 hilarati,
1114 3651 1123 3674 ‚
1140 3617 1181 3667 vd

142 3694 210 3747 cline,
225 3689 308 3745 cleponis
320 3687 426 3744 quianes3
442 3682 561 3747 equitesque
569 3697 596 3727 ex
606 3698 646 3727 na·
676 3681 822 3739 exhilaratis,
837 3700 964 3746 annonaque
982 3687 1057 3730 levata
1076 3717 1084 3739 ,
1098 3685 1183 3744 sollici·

101 3768 105 3777 ,
143 3759 209 3803 'vibus
223 3755 290 3812 ἀὲ]
308 3748 388 3800 Editt.
405 3756 471 3817 Rom.
484 3754 533 3796 Vm.
546 3748 644 3797 fliroalll.
675 3745 771 3805 luqum
789 3750 872 3811 deponit
888 3766 897 3795 :
914 3752 1001 3812 legiones
1019 3750 1144 3818 equitesque
1157 3764 1185 3800 a

142 3815 266 3877 aldberti
278 3815 392 3883 frumunto
415 3814 545 3879 auxiliisque
558 3815 649 3870 ramlera¹
676 3813 828 3870 navibusm.
861 3819 949 3869 Dardas
1179 3811 1183 3818 ⁴
