2616 4462
161 290 241 391 446
278 286 281 291 ’
380 278 427 358 C.
449 283 482 380 J.
506 279 733 357 Cnsiriis
757 274 1011 360 Conuenit

163 394 1194 507 mmmmmmm¹ffimmmmmfflmp

161 504 387 578 crudelitasin
402 502 590 599 supplicio,
615 526 705 575 nova
719 502 840 600 religio
844 503 1083 603 jurisjurandi,
1096 506 1190 604 spem
1237 522 1240 529 ’

161 602 339 701 praesentis
355 602 537 674 deditionis
554 598 707 687 sustulit,
733 601 930 699 mentesque
941 601 1090 675 militum
1106 626 1192 676 con·

162 701 287 786 vertit,
313 702 350 773 &
368 723 437 770 sein
454 697 680 866 adpristinam
696 697 779 768 belli
796 699 960 773 rationem
974 698 1117 800 redegit.

112 802 135 868 'r
210 796 406 872 LXXVII.
434 795 498 869 Cae
513 821 571 885 ar,
593 795 654 892 qui
671 794 796 869 milites
810 795 1075 872 adversariorum
1090 798 1124 870 in
1136 822 1193 871 ca·

163 894 230 967 stra
247 921 307 992 per
322 916 457 991 tempus
465 894 632 992 colloquii
651 915 814 966 venerant
833 948 844 982 ,
869 893 1001 967 summa
1016 895 1191 995 diligentia

114 1007 141 1062 2
164 992 324 1092 conquiri
343 994 379 1066 &
397 992 525 1065 remitti
535 991 647 1089 jubet.
672 991 787 1062 sederi
808 1014 953 1063 numero
968 993 1188 1065 tribunorum

161 1086 1191 1188 immmwmmmmmmmfflmwmmmmm

161 1213 242 1262 eum
260 1188 494 1260 remanserunt
516 1211 525 1259 τ
551 1210 639 1285 quos
655 1184 714 1259 ille
731 1185 846 1282 postea
863 1208 988 1285 magno
1005 1189 1041 1261 in
1060 1190 1194 1263 honore

161 1285 293 1358 hibuit.
329 1303 343 1337 2
362 1285 592 1362 Centuriones
615 1282 651 1355 in
672 1282 854 1378 ampliores
876 1287 1041 1377 ordines,
1061 1286 1197 1385 equites

155 1385 348 1458 'Romanor
363 1382 400 1454 in
415 1381 657 1456 Tribunitium
674 1380 821 1454 restituit
837 1381 1017 1456 honorem.
1149 1392 1153 1401 '

977 1474 1194 1555 LXXVIII.

163 1575 322 1629 dubitatione
339 1580 416 1647 lego,
429 1578 613 1643 plerosquolsiqssi
627 1593 662 1626 re·
692 1575 790 1641 pridem
805 1572 970 1644 observavit)
993 1573 1026 1629 e'x
1043 1577 1196 1643 Equitlbuei

162 1660 256 1710 ceperani
272 1655 348 1694 coloni.
383 1653 414 1696 D.
424 1642 529 1693 Vollius.
692 1645 720 1692 δι
737 1641 851 1708 plebeiis.
868 1644 941 1693 Unde
957 1649 983 1697 δι
993 1645 1059 1712 apud
1068 1644 1193 1695 cesarem

196 1714 269 1770 liin]
288 1714 324 1762 sic
339 1708 429 1761 diserte
440 1715 492 1760 MS.
502 1711 591 1758 Noror'r.
602 1720 661 1756 ean·
695 1722 750 1758 111.
772 1707 802 1757 de
819 1708 890 1758 bello
906 1711 1009 1761 Gallico
1024 1713 1117 1779 legitur
1132 1748 1141 1771 ,
1156 1730 1192 1760 re-

165 1776 273 1841 demque
301 1779 437 1828 lectionem
459 1778 487 1824 in
503 1773 546 1823 suo
566 1773 661 1822 codiee
693 1779 758 1822 tensio
773 1779 870 1839 oqisiissni
892 1782 1063 1843 romanorum,
1089 1777 1132 1828 ubi
1148 1793 1193 1844 per

163 1846 278 1901 invenit,
294 1848 319 1895 δι
330 1846 459 1893 inventam
467 1839 584 1907 probavit
593 1843 660 1888 Folo.
694 1841 798 1905 Equites
814 1845 948 1900 Romanos
965 1841 1125 1910 designantur
1136 1845 1195 1893 'rti-

164 1912 265 1969 vrfinus.
282 1911 462 1976 Mirotigitur,
479 1905 662 1961 undesastum‚
693 1902 770 1962 buni,
790 1907 909 1955 nimirum
924 1910 1012 1966 Silius,
1029 1910 1197 1966 &Velaniuss

164 1989 192 2024 ut
211 1979 302 2036 Dionys.
323 1975 399 2036 Voffios
414 1979 450 2025 ita
469 1972 562 2037 primus
578 1986 663 2019 emen·
694 1985 757 2035 quos
773 1971 879 2021 anteri
900 1974 1003 2024 Venetis
1018 1987 1128 2025 retentos
1146 1975 1194 2024 do··

164 2038 231 2091 dafl'e
250 2040 296 2092 sibi
312 2042 445 2092 videretur.
461 2044 492 2088 ln
509 2039 594 2102 vulgg.
609 2048 662 2084 erat
695 2051 787 2087 suerat.
815 2036 861 2086 Sed
876 2040 933 2088 cum
949 2040 990 2100 hic
1005 2041 1099 2091 dieatm
1114 2039 1195 2090 tribu·-

161 2110 299 2174 plerosqueii
314 2119 499 2175 quoireooperoni.
516 2108 569 2151 MS.
588 2106 661 2150 Pasal.
695 2118 742 2151 nos
757 2105 1016 2157 militumnonnuilos
1031 2122 1045 2157 a
1062 2107 1096 2157 ud
1111 2104 1196 2156 Cesa-

164 2177 280 2238 Plerosque
293 2193 345 2240 quos
360 2186 484 2238 receperant.
501 2169 580 2217 Editi.
596 2166 661 2235 'Rom
696 2182 749 2216 rem
763 2167 921 2228 remanfiffe,
938 2174 994 2237 quis
1011 2189 1025 2223 a
1054 2189 1136 2223 emate
1152 2178 1197 2223 au*

168 2247 218 2288 Veii.
239 2245 337 2291 ueroslol.
356 2245 427 2304 Siepli.
453 2241 553 2299 Plerique
568 2251 620 2295 quos
632 2253 664 2280 ee·
697 2232 728 2282 sit
743 2250 832 2284 omnes
847 2239 944 2302 equites
960 2235 1047 2287 fuisse:
1063 2239 1083 2290 fi
1101 2256 1154 2289 non
1166 2253 1198 2290 0⁴

163 2319 257 2371 perosi,
272 2312 358 2363 seloni3
375 2306 440 2355 unde
458 2318 511 2351 non
525 2303 593 2349 male
612 2300 665 2366 legi
697 2315 769 2349 mnes
786 2315 857 2351 erant
877 2318 933 2360 ‚an
949 2320 975 2353 er
995 2321 1011 2354 o
1031 2307 1074 2371 qui
1090 2306 1199 2356 TsIbuni

165 2368 240 2438 posllt
252 2375 364 2436 plerique,
380 2390 432 2437 quos
448 2380 563 2432 receperant
572 2401 580 2424 ,
588 2370 664 2413 colons.
698 2379 769 2415 erant
778 2382 810 2415 ex
821 2367 927 2432 plebeiis
940 2321 1009 2430 ledi,
1024 2374 1097 2422 nullo
1112 2374 1140 2420 In
1150 2374 1197 2424 ho-

165 2439 269 2487 Divies.
698 2448 760 2481 nore
779 2433 844 2499 apud
853 2434 993 2489 cesarem?
1008 2438 1085 2487 Aliud
1095 2436 1148 2503 ipse
1158 2440 1199 2490 di·

202 2520 223 2551 1.
243 2500 664 2563 Sisiorrorollniusdusilus]1nprio-
698 2513 753 2548 cere
770 2500 883 2560 videtur,
901 2518 957 2551 cum
974 2505 1026 2561 ait,
1041 2522 1094 2569 quos
1107 2509 1144 2552 i'lle
1158 2521 1199 2570 po·⁴
1252 2552 1257 2572 s

167 2566 234 2617 sibus
248 2568 320 2618 editt.
345 2580 398 2618 erat
410 2569 441 2626 fii
463 2583 533 2616 terror
550 2563 664 2613 iliasnso'
694 2564 741 2627 stes
755 2582 829 2628 magno
847 2570 870 2613 ln
885 2572 961 2617 honore
983 2572 1056 2617 soluts
1076 2605 1083 2628 ,
1107 2570 1199 2635 quibus

166 2637 262 2682 duribus.
279 2630 446 2700 Qiodnescio
462 2650 503 2683 cur
518 2636 613 2692 Scaliger
626 2646 664 2680 re·
687 2630 780 2680 ,verbis
805 2630 933 2683 universos
956 2633 1079 2702 designat.
1114 2642 1196 2699 Quare

167 2700 269 2764 jecerit:
287 2716 335 2768 ego
348 2700 449 2751 firmam
464 2699 601 2749 lectionem
617 2693 665 2745 eise
698 2697 784 2746 Iocum
800 2697 864 2747 hunc
888 2693 899 2766 <
908 2700 1002 2766 Lipsius
1019 2716 1140 2766 tanquam
1155 2704 1196 2751 in-

166 2783 220 2816 non
237 2765 332 2818 dubito.
349 2772 378 2817 ln
395 2773 474 2816 Peion.
491 2779 544 2814 erat
561 2798 569 2821 ,
585 2777 665 2810 terrore
697 2776 797 2828 regrum
812 2763 886 2829 citat)
904 2781 1046 2832 corruptum
1053 2766 1197 2819 ellestatuo.

168 2836 235 2881 allois
248 2833 374 2882 iduoilss:
391 2833 482 2882 eodem
491 2830 569 2880 modo
583 2831 609 2876 in
618 2844 664 2877 no·
698 2830 778 2880 Palat.
789 2831 869 2880 codex
878 2833 1013 2896 plurimum
1023 2839 1100 2898 juvat,
1108 2836 1135 2883 in
1144 2849 1197 2900 quo

167 2898 217 2949 stro
232 2914 287 2951 v.c.
308 2898 351 2967 (fic
368 2903 394 2951 δι
409 2901 436 2948 in
445 2902 536 2948 Norios'o.
554 2911 582 2944 ac
591 2893 664 2943 editt.
700 2895 760 2960 lego
777 2898 803 2948 dr·
818 2903 886 2948 rr.‘i'n
902 2901 1039 2949 tribunitium
1054 2901 1145 2962 restissls
1158 2906 1199 2949 h..

166 2973 234 3034 Rom,
255 2972 304 3017 Veri.
321 2963 438 3029 Beroald.)
459 2967 531 3013 Pslot.
549 2975 618 3009 terror
627 2963 664 3007 al·-
700 2979 779 3012 norem.
798 2960 902 3026 Optime
921 2961 988 3016 sane.
1005 2972 1038 3016 Et
1048 2981 1111 3017 nota
1120 2969 1201 3034 otigi³

167 3034 225 3079 laius
240 3030 255 3078 l
269 3035 363 3085 duellos.
389 3038 484 3082 Omnes
503 3042 588 3078 tamen
607 3040 667 3090 prae-
700 3032 858 3077 nemerioris
868 3049 876 3087 ;
887 3026 1004 3096 scriptum
1013 3032 1096 3082 fuerat
1111 3048 1140 3083 tr.
1155 3034 1200 3083 tri-

95 3094 98 3099 ’
166 3096 475 3166 positionemagsioscunt.
510 3102 544 3146 D.
557 3100 584 3141 Vi
601 3110 641 3143 iss.
699 3090 787 3144 bunus.
811 3093 1043 3163 LIbtiiriusputavit
1059 3101 1202 3165 principem

202 3181 226 3212 2.
246 3170 378 3213 Centuriones
401 3171 423 3212 i'n
438 3166 551 3227 ampliores
566 3162 666 3215 ordines,
701 3159 803 3209 literam
817 3158 867 3210 effe
885 3183 904 3213 e.
923 3166 949 3213 bt
966 3178 998 3212 ex
1013 3182 1032 3214 o.
1050 3184 1071 3216 r.
1088 3165 1148 3214 fecit
1163 3181 1200 3229 eqo

169 3235 248 3294 equites
264 3234 330 3295 Rom.
342 3235 363 3278 i'n
377 3235 512 3278 tribunitium
529 3229 619 3288 restituit
627 3229 665 3272 ho·
700 3232 901 3296 'Romanlnterea
910 3231 947 3278 ita
956 3232 1058 3290 erravit,
1066 3244 1093 3280 ut
1102 3245 1133 3277 ex
1140 3244 1202 3293 par-

168 3299 256 3353 nororn]
274 3296 341 3344 Prius
357 3296 453 3345 editum
468 3309 520 3344 erat
537 3295 667 3341 centuriones
700 3307 726 3342 te
742 3308 828 3342 verum
844 3293 946 3345 diceret.
964 3300 1033 3363 Lege
1049 3294 1205 3362 igiturhanc'

168 3362 320 3424 ampliorisque
337 3365 424 3412 ordinis.
441 3363 469 3410 in
482 3355 600 3426 Bongars.
619 3375 666 3404 oon·
701 3359 825 3424 periodon
842 3361 890 3410 hoc
908 3363 1007 3428 pasto:
1030 3365 1159 3410 centuriones
1178 3367 1205 3410 irs

168 3432 264 3474 turinnes
284 3430 433 3492 ampliorisque
448 3428 535 3475 ordinis.
567 3430 597 3474 ln
613 3437 665 3474 vet.
699 3430 803 3490 primores
816 3431 924 3486 ordines,
947 3430 1009 3476 tribb.
1025 3431 1047 3475 s'ri
1063 3430 1204 3475 tribunitium

170 3492 227 3542 cod.
251 3506 379 3540 centuriones
395 3498 506 3553 ampliores
525 3494 614 3540 ordines.
639 3492 665 3540 δι
702 3492 794 3552 restituis
810 3497 915 3544 lonornn.
931 3510 992 3544 nam
1009 3492 1074 3542 illud
1090 3497 1204 3557 simplioris

169 3557 204 3606 fic
221 3559 375 3609 Petivianus.
402 3558 448 3607 sed
458 3556 524 3606 haud
538 3558 606 3605 male
622 3555 666 3604 ista
702 3561 782 3606 ordinis
797 3572 859 3624 puto
869 3559 1032 3626 depravatum
1040 3574 1071 3609 eit
1081 3563 1104 3608 in
1110 3564 1204 3624 priores,

169 3618 299 3688 sequentia
314 3626 423 3690 ScaIIges
438 3622 604 3687 ediditequiios
620 3629 666 3691 ‘Ro-
701 3625 742 3673 vel
753 3630 866 3689 primores.
891 3633 950 3692 Qiae
964 3625 1099 3692 postquam
1115 3625 1204 3682 conje-

168 3703 244 3738 manos
261 3694 283 3735 in
297 3694 432 3738 tribunitium
450 3690 540 3749 restituit
552 3693 666 3746 sionem,
701 3690 852 3750 stateram,
876 3693 929 3742 vidi
945 3695 972 3746 δι
989 3691 1129 3747 Ciaceunio
1145 3690 1204 3757 pla*

168 3753 327 3806 hauddubie
345 3770 468 3824 corrupta.
499 3753 603 3802 Tribuni
619 3756 667 3803 mi·
700 3752 783 3812 cuiffe,
816 3757 950 3824 DJoffiissp

167 3820 246 3892 litum
268 3820 416 3890 legebamus
442 3822 487 3892 (ut
504 3818 599 3888 Lipsius
615 3822 668 3891 jam
825 3824 827 3829 ’
