2616 4462
227 272 303 374 740'
446 206 739 345 A.H1nrr1
774 257 1082 344 contione.

226 392 283 464 nia
299 388 439 467 onustus
455 389 634 476 subducit,
656 410 760 491 atque
771 391 806 464 in
823 414 968 489 regnum
984 389 1107 488 fugere
1118 382 1267 463 conten-

179 527 205 582 2
227 488 298 579 dit3
323 513 428 588 quem
442 488 566 563 Getuli
583 489 632 563 sui
649 492 791 564 comites
806 487 842 561 in
858 490 1000 579 itinere,
1025 488 1154 586 praedae
1168 487 1276 585 cupi·-

228 586 283 676 di,
306 587 496 660 concidunt
518 612 529 674 ;
551 586 651 681 seque
670 586 706 658 in
732 584 970 685 quascumque
990 606 1135 682 potuere
1154 605 1265 684 parter
1295 614 1299 625 ’

180 716 203 797 3
228 683 423 758 conferunt.
449 683 495 756 C.
515 683 651 757 interim
665 683 867 782 Vergilius,
890 682 1072 780 postquam
1087 702 1178 755 terra
1196 705 1266 754 ma·

225 780 326 880 rique
342 779 474 855 clausus
489 778 522 853 se
538 780 622 854 nihil
639 779 808 880 proficere
824 780 1022 869 intellexit,
1049 778 1198 876 suosque
1214 779 1264 850 in·

226 877 389 951 terfedlos
409 933 420 967 ,
442 898 501 951 aut
515 875 683 975 fugatos,
706 879 762 951 M.
789 877 960 950 Catonem
986 893 997 926 ¹
1019 875 1139 949 Uticae
1158 874 1219 948 [ibi
1236 875 1265 947 i-

224 974 325 1072 psum
345 998 466 1048 manus
485 974 635 1048 intulisse
654 1031 667 1067 ,
689 997 808 1074 regem
826 997 954 1071 vagum
970 971 990 1046 i
1008 971 1073 1046 suis
1088 973 1262 1047 desertum

225 1071 270 1143 ab
295 1069 459 1144 omnibns
480 1072 646 1169 aspernari
664 1098 676 1160 i
703 1073 866 1166 Sabinam
886 1127 898 1160 ,
921 1070 1062 1169 ejusque
1087 1069 1206 1169 copias
1221 1069 1264 1143 ab

225 1167 314 1242 Sirio
322 1167 389 1243 effe
399 1168 545 1256 deletas3
569 1168 687 1243 Uticae
694 1169 865 1243 Caesarem
880 1167 949 1240 fine
964 1188 1262 1265 morareceptum5

226 1264 271 1340 de
287 1284 382 1338 tanto
397 1265 549 1339 exercitu
567 1266 726 1366 reliquias
742 1264 808 1339 effe
824 1260 936 1337 nullas
953 1321 964 1355 ,
989 1263 1050 1358 qui
1065 1261 1128 1336 fibi
1146 1316 1158 1346 ,
1184 1263 1263 1339 suis·

225 1384 296 1459 que
311 1360 425 1436 liberis
440 1360 654 1460 prodellent:
674 1360 849 1438 leoninio
859 1361 1087 1459 proconsule,
1102 1362 1261 1458 quicum

224 1458 423 1549 obsidebat,
446 1458 516 1534 fide
529 1481 683 1559 accepta,
708 1459 809 1560 seque
823 1460 861 1535 &
875 1457 931 1533 sua
945 1458 1083 1551 omnir,
1106 1459 1146 1534 &
1162 1459 1261 1560 oppif

224 1553 311 1630 dum
328 1556 526 1652 proconsuli
539 1558 692 1634 transdit.

173 1663 198 1741 [1
270 1648 433 1730 XCIV.
459 1656 544 1729 Rex
561 1655 699 1730 interim
713 1653 801 1749 Juba
823 1653 867 1728 ab
883 1646 1046 1730 omnibus
1060 1651 1261 1730 civitatibus

176 1767 180 1774 “
223 1751 409 1841 exclusus,
431 1750 613 1851 desperata·
624 1752 755 1843 salute,
778 1771 794 1805 2
811 1777 921 1852 quum
932 1753 1002 1848 jam
1020 1773 1167 1826 conatus
1181 1751 1262 1827 esset

223 1863 304 1922 cum
325 1849 491 1946 Petrejo,
516 1868 556 1923 ut
576 1873 637 1947 per
651 1849 816 1933 virtutem
831 1848 1006 1925 interfedli
1024 1849 1090 1922 effe
1102 1849 1260 1924 videren-

223 1963 303 2038 tur,
326 1945 418 2020 ferro
433 1946 523 2021 inter
538 1945 572 2020 se
589 1946 789 2049 depugnant
807 1973 817 2020 e
841 1968 944 2047 atque
968 1965 980 2008 ³
1000 1945 1136 2020 firmior
1153 1945 1262 2116 imlop

1197 2069 1230 2117 er
1245 2084 1260 2102 ·
1299 2066 1302 2089 2

258 2175 282 2213 r.
298 2165 367 2212 voico
376 2163 418 2222 fibi
432 2162 502 2227 ipsum
516 2177 594 2211 monus
608 2164 726 2226 intuliffo]
756 2162 817 2212 flori
831 2159 877 2212 lib.
896 2174 936 2211 rr.
950 2175 1005 2228 erp.
1018 2175 1057 2220 rr,
1073 2170 1113 2218 69.
1132 2162 1262 2229 quitestr·

222 2231 263 2278 Ex
275 2233 328 2278 MS.
340 2230 416 2288 vrfin.
431 2227 567 2295 legendum
576 2227 725 2280 crediderim
754 2241 810 2286 tur,
827 2226 920 2293 Jubenr
935 2228 962 2278 ἀ
978 2228 1102 2277 Petreium
1117 2230 1209 2293 paullo
1220 2245 1263 2280 an·

222 2300 292 2342 vrioo
306 2296 430 2358 filiipfom
450 2313 528 2343 monos
546 2296 641 2356 ortuliffe
657 2330 665 2354 ,
682 2297 725 2362 qui
754 2308 908 2360 repugnem
923 2292 1059 2359 magnifice
1075 2295 1195 2359 epulatos
1206 2293 1262 2347 effe.

222 2365 281 2407 eum
289 2360 377 2424 paullo
392 2362 472 2411 rarior
485 2359 608 2426 loquendi
618 2360 727 2420 modus,
755 2361 834 2410 lllam
850 2373 938 2409 tamen
958 2359 1172 2422 ,emendationem
1191 2377 1263 2429 repu-

155 2483 158 2490 Ᾰ
220 2422 332 2473 librarii
349 2460 358 2483 ,
376 2437 402 2475 ut
417 2426 447 2476 fit
462 2461 470 2484 ,
486 2428 514 2476 in
530 2427 659 2477 notiorem
673 2427 727 2477 for·
756 2426 818 2484 dio,
839 2426 898 2491 quia
916 2426 1024 2475 nimium
1040 2425 1092 2476 abit
1110 2423 1124 2473 ὶ
1142 2427 1263 2478 lenioris

220 2491 320 2538 mulam
352 2504 489 2541 mutarunt.
529 2493 637 2557 scriptor
660 2495 724 2545 Bell,
757 2503 860 2558 recepte
876 2489 1008 2557 vestigiis,
1026 2493 1052 2542 er
1072 2491 1146 2540 unice
1164 2496 1264 2562 ample·

219 2555 293 2620 Eisp.
310 2570 365 2622 cap.
382 2574 457 2608 xrrr.
475 2560 551 2621 Populi
567 2559 723 2625 Rmogiflro-
756 2559 810 2608 &or
824 2561 866 2607 Plo.
883 2560 975 2625 lpolonii
997 2558 1199 2609 hariolatiorrenr
1218 2579 1227 2618 3
1243 2561 1264 2610 ie

219 2623 278 2672 tilios
291 2623 434 2684 sacrosanllir
449 2641 527 2671 manue
545 2647 598 2671 u-
612 2625 723 2685 attulistis.
756 2623 825 2673 enim
841 2621 886 2672 lib.
907 2637 929 2673 1.
946 2624 1091 2690 Ele&.cap.
1105 2640 1130 2674 x.
1150 2625 1263 2677 minima

221 2696 287 2738 Corn.
306 2695 373 2753 Nepos
381 2692 403 2737 T
405 2689 478 2739 imol.
490 2702 543 2754 cap.
555 2706 610 2751 1,4.
628 2691 724 2754 lpfenoor
755 2689 899 2739 mutatione
913 2686 1025 2741 rescribit
1043 2707 1109 2755 quum
1121 2692 1174 2750 jam
1191 2709 1263 2741 eoene·

220 2757 284 2802 modo
299 2772 376 2803 monus
392 2773 434 2803 mn
450 2759 535 2804 attolit.
564 2754 633 2804 Cicero⁴
646 2754 721 2806 Offie.
754 2758 854 2816 entello.
863 2759 958 2815 Certe,
974 2771 1030 2807 cum
1043 2761 1072 2807 L.
1084 2758 1208 2818 Ampeliou
1216 2757 1262 2809 lib.

167 2863 171 2869 .
219 2815 268 2872 lib.
290 2837 311 2871 r.
329 2836 382 2888 cap.
401 2836 459 2872 rrr.
476 2828 499 2869 ls
515 2822 578 2885 quast
591 2838 669 2870 manus
684 2823 723 2884 af·
755 2825 865 2872 Memor.
883 2836 938 2888 cap.
954 2838 1080 2873 xxxvrtr.
1094 2823 1164 2877 aiat,
1177 2823 1262 2880 Juboor

214 2889 280 2948 forro
304 2889 392 2936 viderur
407 2891 474 2949 socio.
508 2889 545 2937 Sic
563 2888 632 2937 enirn
653 2888 724 2938 locu·
754 2885 809 2952 post
823 2889 989 2953 magnificam
1009 2902 1110 2938 coenam
1126 2889 1262 2946 interficim-

219 2965 261 3002 rur
278 2953 312 3005 est
328 2955 406 3002 senoco
422 2952 453 3004 de
470 2958 539 3005 Brev.
550 2953 606 3004 tite
615 2968 670 3020 cap.
680 2970 720 3006 vr.
753 2956 807 3002 dum
817 2955 844 3015 so
864 2956 964 3017 dodim,
989 2949 1154 3021 proculdubio
1171 2967 1264 3006 veram

217 3023 318 3070 Divico.
668 3049 673 3057 ,
754 3020 892 3071 lectionem
909 3020 1014 3071 restituit
1036 3020 1073 3068 vir
1089 3014 1204 3064 eruditus
1226 3019 1264 3079 ‚i

252 3101 281 3141 χ.
297 3087 377 3150 Qum
395 3086 443 3140 jam
457 3095 545 3132 cunnus
560 3085 626 3146 effer]
642 3081 722 3135 Hasce
742 3100 805 3152 vquo
815 3099 903 3136 tamen
917 3089 996 3137 miror
1012 3086 1096 3134 locum
1105 3080 1172 3130 hunc
1194 3091 1262 3136 „Am-

143 3155 146 3165 '
214 3161 294 3200 voces
312 3148 435 3201 delendas
457 3147 552 3200 censuit
576 3151 624 3210 Jos.
651 3154 723 3208 Sooli-
750 3157 803 3216 polii
819 3148 890 3202 suilse
909 3152 1066 3219 preteritum·
1102 3148 1173 3197 lolem.
1227 3190 1233 3195 .

133 3236 153 3248 --
213 3227 255 3276 ger
272 3233 279 3273 ς
303 3228 398 3266 temere
412 3215 488 3265 nimis
505 3249 513 3272 ,
529 3228 586 3265 enm
604 3229 646 3264 ens
661 3217 721 3266 reti·
787 3236 810 3276 ³·
827 3221 923 3267 Firmior
938 3217 1092 3265 imbecilliorem
1109 3248 1116 3271 ,
1135 3215 1201 3272 Jolo
1218 3227 1263 3270 1³0-

215 3293 296 3330 meant
312 3285 381 3332 MSS.
397 3280 466 3329 ulcus
483 3291 571 3330 tamen
587 3280 622 3342 est
630 3281 657 3332 in
665 3297 721 3334 ver·
752 3288 831 3334 troium
840 3284 907 3345 focile
918 3282 981 3343 forro
996 3279 1135 3344 consumpfir]
1152 3285 1197 3332 Plo.
1208 3291 1263 3357 R„-

216 3342 273 3405 bie,
290 3351 330 3398 cui
345 3342 459 3394 sanando
475 3360 580 3410 operam
595 3361 718 3399 naverunt
752 3353 824 3399 bonius
839 3346 920 3400 Elest.
937 3345 983 3395 lib.
996 3360 1016 3395 r.
1034 3359 1089 3412 cap.
1109 3361 1134 3395 x.
1155 3355 1262 3413 reponit

214 3413 328 3478 plurimi.
354 3413 391 3460 M.
410 3414 448 3459 A.
472 3415 574 3460 Muretus
590 3413 623 3464 ad
641 3417 720 3464 Seneca
753 3417 835 3475 Juloono
852 3415 948 3460 Petreius
964 3429 973 3469 3
990 3413 1109 3476 Epitome
1128 3415 1202 3463 enim
1222 3423 1263 3468 Li·

213 3477 250 3530 de
267 3483 337 3530 Prov.
355 3489 410 3541 cap.
429 3488 467 3527 rr.
484 3477 548 3544 legit
565 3495 635 3544 quum
650 3485 722 3529 omnio
753 3483 822 3528 viano
834 3475 880 3528 lib.
889 3490 963 3528 extr.
980 3480 1007 3529 Se
1022 3481 1100 3526 florus
1115 3476 1161 3528 lib.
1174 3494 1216 3532 rr.
1236 3499 1261 3537 c,

200 3547 384 3607 ,eonotmoffom
400 3543 466 3601 Jooo.
485 3545 646 3608 Glandorpiors,
662 3548 719 3610 qui·
753 3559 793 3602 rr,
802 3553 841 3601 69.
853 3541 956 3593 tradunt
965 3544 1089 3595 Petreium
1097 3542 1183 3611 Jubae,
1197 3547 1261 3604 dein

236 3625 331 3661 ueeum
346 3622 399 3658 non
407 3609 568 3670 nominatum
578 3610 668 3676 pasfim
676 3625 720 3660 ere·
751 3607 797 3658 sibi
813 3624 904 3660 manus
915 3606 1033 3660 intulisse.
1051 3609 1098 3660 Sed
1113 3609 1144 3659 de
1165 3612 1261 3670 horum

212 3623 334 3744 Peripfit,
361 3676 429 3736 Joon.
459 3677 570 3722 Goduo'noos
595 3689 719 3741 reponunt
750 3687 834 3726 morte
847 3688 922 3728 tanta
944 3675 980 3726 est
996 3675 1261 3743 scriptorumdisere·

212 3757 284 3804 quum
293 3747 345 3807 jam
366 3742 498 3790 convivatus
516 3739 565 3801 effer
589 3775 597 3800 ,
623 3744 650 3793 de
667 3740 719 3791 haec
749 3743 857 3807 pantie,
873 3744 1021 3793 utInHirtio
1035 3742 1100 3793 nihil
1111 3740 1191 3794 aufim
1201 3761 1260 3798 rnn-

213 3801 277 3884 ξμο
301 3808 445 3879 conjectum
470 3803 568 3882 limen
592 3807 674 3885 potest
688 3821 722 3883 er
748 3819 814 3888 tore,
830 3811 909 3884 §moro
923 3807 1133 3890 delrotioeap.
1145 3824 1185 3867 rr.
1200 3813 1259 3930 J?

156 3886 164 3913 ¹
432 3927 435 3934 -
792 3917 795 3921 ·
1237 3894 1259 3947 Ε
