2616 4462
214 250 343 358 438*
432 253 1070 355 uncusimsconunno.
1175 202 1177 207 Ι

216 380 306 470 bet,
329 380 366 454 &
381 380 456 454 vaso
475 381 612 454 militari
636 405 732 452 more
758 377 973 452 conclamari.
1014 380 1070 451 llli
1088 380 1254 458 exaudito

216 478 366 551 clamore
379 477 503 570 veriti,
528 503 570 551 ne
587 476 693 550 noctu
715 477 870 576 impediti
887 477 950 550 sub
968 500 1070 550 onere
1085 478 1255 578 conflige,

217 600 257 648 re
273 597 508 674 cogerentur,
531 596 590 648 aut
616 601 659 648 ne
682 575 725 646 ab
740 576 896 671 equitatu
925 573 1067 648 Caesaris
1083 575 1119 646 in
1139 600 1254 674 angu-

218 671 289 745 stiis
314 694 532 762 tenerentur,
562 673 626 745 iter
656 671 903 770 supprimunt,
934 670 1110 768 copiasque
1134 673 1172 751 in
1197 698 1255 745 ca-

171 781 200 861 '3
222 768 295 843 stris
310 773 501 844 continent.
529 769 672 843 Postero
687 772 742 843 die
759 771 913 868 Petrejus
929 793 1008 841 cum
1027 768 1140 865 paucis
1152 771 1254 866 equi·
1288 820 1292 825 ·

219 866 456 947 tibusocculte
466 868 507 940 ad
518 867 724 965 exploranda
740 867 813 938 loca
823 866 1061 964 proficiscitur.
1087 866 1253 943 hocidcm

218 963 263 1037 fit
276 989 320 1038 ex
336 964 610 1061 castrisCaesaris.
621 963 773 1036 mittitur
791 981 810 1018 ‘1
831 963 877 1036 L.
893 963 1060 1037 Decidius
1075 965 1250 1037 Saxacum

170 1069 200 1159 ,4
222 1063 357 1160 paucis,
380 1063 441 1159 qui
451 1062 519 1135 loci
537 1084 689 1135 naturam
701 1060 1077 1161 perspiciat-Uterque
1087 1061 1175 1133 idem
1186 1061 1252 1134 luis

221 1159 421 1250 renunciat,·
442 1186 466 1234 v
476 1158 581 1231 millia
596 1159 750 1257 pail'uum
760 1159 917 1255 proxima
929 1157 1141 1232 intercedere
1157 1158 1254 1230 itine-

220 1255 267 1328 ris
282 1257 492 1352 campestris:
515 1258 593 1328 inde
609 1257 765 1353 excipere
784 1255 858 1327 loca
876 1255 987 1350 aspera
1006 1257 1042 1328 &
1062 1257 1256 1346 montuosa,

219 1352 296 1445 Qui
323 1354 417 1447 prior
432 1355 488 1428 has
511 1354 679 1451 angustias
700 1375 951 1450 occupaverat,
976 1349 1102 1425 abhoc
1124 1352 1257 1427 hostem

123 1523 127 1528 ,
223 1452 399 1549 prohiberi
419 1451 503 1524 nihil
519 1454 584 1523 ell'e
602 1450 746 1549 negotii.

172 1564 196 1637 ξι
273 1547 430 1622 varl.
457 1568 471 1617 ³
489 1548 693 1645 Disputatur
710 1548 744 1617 in
764 1546 912 1619 concilio
929 1545 949 1618 el
969 1544 1121 1642 Petrejo‚
1149 1545 1186 1618 &
1206 1546 1258 1622 Ae

223 1644 355 1737 frumo,
372 1647 410 1720 &
424 1641 789 1741 tempusprofcolionis
801 1646 985 1742 quaeritur„
1007 1641 1167 1738 Plerique
1178 1668 1260 1714 cen-

224 1742 378 1833 sebant-3
403 1767 435 1813 ut
457 1745 543 1813 noiiu
567 1751 624 1814 iter
639 1746 808 1837 facerent:
832 1743 909 1841 posse
937 1745 1023 1841 prius
1043 1738 1083 1808 ad
1106 1737 1261 1838 angustias

177 1855 204 1927 2¹
225 1846 353 1931 veniri,
378 1867 471 1936 quem
480 1841 674 1935 sentirentur.
708 1837 807 1936 Alii,
830 1839 911 1933 quod
936 1837 1063 1936 ³pridie
1077 1836 1164 1904 nolin
1182 1863 1258 1905 eon-

225 1937 397 2018 clamatnm
416 1938 521 2029 effetin
537 1936 641 2026 castris
655 1938 800 2030 (λεῘιινιέ,Ι
823 1955 840 1997 4
855 1940 1030 2033 argumenti
1042 1931 1200 2027 sumebant
1210 1938 1259 2002 lo-

225 2062 261 2104 co
277 2054 290 2124 ⁴,
315 2062 375 2104 non
383 2035 460 2133 poffi’
476 2037 555 2103 clam
568 2040 670 2125 exiri,
693 2032 901 2125 circumfundi
912 2031 998 2100 noiiu
1015 2034 1182 2126 equitatum
1194 2037 1261 2103 Caee

179 2137 203 2221 3
221 2134 326 2227 fieris,
353 2154 448 2224 atque
467 2138 567 2200 omnin
583 2135 676 2221 lora,
701 2153 788 2224 atque
803 2135 912 2199 itinera
932 2125 1080 2221 obfideri:
1103 2127 1263 2197 nniinrna-

185 2230 189 2243 ’
226 2256 288 2324 qne
299 2232 408 2329 prelia
425 2229 475 2319 effle
489 2229 635 2317 vitanda,
658 2227 737 2324 quod
747 2233 925 2325 perterritus
944 2226 1030 2293 miles
1044 2227 1076 2290 in
1091 2226 1180 2292 civili
1196 2225 1263 2318 dif-

94 2329 95 2332 ’
141 2326 143 2335 ⁴
221 2326 354 2420 senfione
379 2342 390 2384 5
409 2332 513 2395 timori
528 2331 645 2423 magis,
674 2351 764 2420 quam
780 2327 921 2421 religioni
936 2320 1088 2413 consulere
1103 2321 1264 2415 consueve-

226 2535 283 2572 tem
291 2518 423 2570 vetustatis
432 2516 525 2584 setipfit
539 2519 666 2585 vegetius.
678 2519 728 2568 Pri·
762 2521 783 2566 in
792 2516 890 2575 confini,
907 2516 933 2567 δι
946 2512 1077 2579 posteahec
1087 2515 1141 2561 vicie
1149 2516 1171 2561 in
1181 2441 1267 2574 culsllio

226 2601 256 2636 us
270 2588 437 2635 tamenmalo
454 2585 544 2635 dicere.
562 2591 590 2634 ln
606 2585 728 2632 Frontino
758 2586 883 2644 sententia3
900 2596 953 2629 non
968 2583 1037 2632 enim
1047 2593 1134 2631 coram
1149 2592 1204 2629 tota
1214 2581 1264 2628 mi-

227 2654 290 2718 quin
306 2652 375 2701 idem
391 2650 434 2705 usu
451 2653 563 2708 venerit,
579 2667 632 2698 non
650 2648 730 2698 ambi·
760 2650 836 2715 litum
849 2646 917 2697 turba
933 2646 984 2695 haec
999 2642 1168 2717 'agitabantur
1209 2650 1264 2691 Da-'

227 2732 264 2784 go
274 2735 280 2764 :
290 2719 419 2786 imperitus
436 2714 560 2781 quispiam
569 2731 624 2764 cum
633 2729 730 2782 putatet
763 2721 817 2765 vics.

226 2781 289 2833 vasa
306 2783 335 2833 ab
346 2784 433 2847 aliquo
442 2783 612 2847 conclamati,
629 2778 731 2830 inseruit
798 2799 821 2836 3.
840 2783 1003 2839 Pridienonu]
1020 2781 1118 2825 Vocem
1132 2777 1193 2823 noun
1209 2790 1265 2829 nou

227 2864 319 2899 vocem
335 2853 421 2898 milites.
438 2853 477 2896 Tu
492 2863 548 2896 eam
558 2862 687 2912 expunge‚
705 2849 730 2896 δε
765 2843 878 2912 agnoscit
896 2848 1052 2896 Petavianus.
1086 2848 1119 2888 D.
1136 2840 1220 2902 Voffim.

227 2917 287 2981 lege
303 2931 403 2968 mecum
411 2916 468 2974 vasa
477 2917 613 2962 conclamari.
628 2917 660 2962 D.
671 2909 731 2962 Vos·
796 2932 820 2974 4.
840 2916 976 2976 argumenti
997 2911 1111 2971 sumebam
1128 2909 1191 2966 loeo]
1215 2911 1264 2955 Pto

180 2988 183 2992 “
228 2979 287 3044 lius.
764 2989 913 3043 argumento
931 2975 1066 3027 habebant.
1097 2975 1207 3039 Elegans
1223 2972 1267 3022 hic

266 3062 288 3098 1.
306 3054 335 3097 L.
354 3049 457 3095 Decidius
477 3048 561 3104 Saxi]
580 3045 633 3093 Alii
653 3047 730 3091 Saxo:
764 3045 833 3092 vocis
847 3048 885 3090 loci
900 3041 954 3092 usus
964 3041 1029 3109 apud
1045 3039 1268 3089 nostrum&ali08

229 3108 275 3161 sed
289 3115 317 3165 in
331 3112 418 3164 codice
433 3115 510 3160 Fulvii
519 3113 594 3172 vrfini
609 3145 617 3167 ,
634 3113 660 3160 δι
678 3118 730 3158 cir·
764 3107 895 3173 scriptores
910 3109 1017 3162 obtinet.
1036 3108 1073 3156 Sic
1092 3101 1191 3167 hujusce
1208 3102 1269 3168 libri

229 3179 323 3237 rarieufi
335 3177 368 3227 est
384 3185 411 3228 L.
432 3180 535 3225 Decidius
549 3182 609 3227 Saxa
629 3210 636 3232 ‚
664 3177 731 3237 cuius
766 3190 820 3241 cap.
837 3190 957 3227 Lxxruv.
975 3182 1052 3222 Datur
1061 3172 1181 3233 oistdisioco
1192 3173 1270 3229 Casiri

230 3245 349 3307 meminit
369 3248 435 3292 cicero
452 3242 540 3308 Philip.
561 3258 633 3291 χιιι.
650 3247 680 3289 ln
697 3247 730 3290 E·
760 3242 822 3301 filim
840 3241 946 3301 Afranii.
968 3241 1018 3300 Jul.
1035 3239 1151 3301 obsequens
1161 3232 1191 3281 de
1208 3238 1270 3285 Pto-

230 3310 329 3385 pitome
347 3313 444 3358 Liviana
453 3306 497 3358 lib.
509 3323 624 3358 cxxvii.
643 3306 677 3356 est
686 3312 731 3354 Di-
766 3306 817 3372 dig.
836 3321 988 3372 caprini.
1007 3307 1129 3353 Incendium
1141 3323 1206 3357 ,-
1215 3315 1269 3366 pro-

229 3377 280 3422 dius
290 3379 350 3423 Saxa
361 3411 368 3433 ,
387 3390 418 3423 ex
429 3389 478 3438 quo
488 3373 603 3423 dubitant
613 3373 732 3439 quidam,
765 3375 816 3435 digii
826 3378 869 3419 loco
877 3375 985 3421 traiciunt.
1003 3371 1065 3420 Vide
1075 3371 1100 3418 δι
1111 3381 1165 3432 cap.
1175 3383 1268 3419 nxvrrr.

230 3454 266 3492 an
282 3440 323 3490 hic
341 3442 367 3490 &
392 3439 457 3504 apud
474 3444 590 3487 ciceronem
606 3442 687 3486 Didius
701 3437 731 3487 fit
765 3438 1125 3503 Hoccumnonintelligetent
1143 3432 1269 3492 librarii,

188 3538 191 3549 ·
230 3506 377 3573 legendum.
396 3503 442 3554 Sed
452 3509 553 3554 Decidius
569 3502 733 3572 appellaturi
765 3506 792 3553 in
802 3497 1270 3564 nonnullisMSS.&antiquituscufis

231 3573 303 3621 Dione
317 3570 361 3622 lib.
372 3587 460 3625 xrvrr.
477 3573 536 3623 licet
547 3584 660 3636 corrupte
668 3570 733 3635 apud
765 3571 858 3636 legitur
871 3584 1021 3636 argumentum
1024 3567 1138 3631 sumebant
1147 3569 1199 3615 loco.
1216 3569 1269 3618 Da·

231 3644 415 3712 emseriptum
423 3644 453 3695 sit
468 3644 585 3701 onufrio
591 3641 657 3708 Σέξα
669 3671 675 3694 r
687 3659 733 3710 pro
764 3639 825 3691 vies.

229 3720 340 3788 4¹55&
355 3717 429 3783 Σῖίΰ·
468 3722 552 3775 Ciacc.
801 3747 825 3786 5.
843 3731 1019 3792 Timorimagt't,
1036 3744 1103 3793 qnam
1117 3725 1212 3788 religioni
1220 3739 1270 3769 con·

261 3815 290 3872 .².·.
306 3799 572 3869 Disputattmincoucilio]
582 3794 734 3866 Lugendum
761 3796 836 3859 sulem
851 3797 1006 3862 consueverit]
1021 3792 1132 3880 {puple
1146 3792 1268 3853 religionem

1216 3866 1266 3938 rto.
