2616 4462
143 309 145 315 2
220 268 295 369 778
453 265 1072 347 ALHrnnrrCouuuur.

47 470 52 479 ,
138 406 142 411 ’
218 389 280 463 stri
304 387 347 462 ad
366 387 535 488 oppidum
559 389 830 488 recuperandum
847 388 1059 465 occafionem
1076 409 1159 462 non
1175 384 1267 490 pra.

219 487 441 578 termittunt,
465 488 502 561 &
517 485 667 585 reliquos
682 488 782 563 vivos
798 490 960 584 capiunt,
981 513 1019 562 ac
1034 486 1171 563 deinde
1192 489 1265 564 Ur·

168 603 192 627 ·
219 583 356 660 saonem
382 583 669 682 proficiscuntur;
692 585 787 684 quod
811 587 981 683 oppidum
1000 610 1053 660 rna
1081 609 1126 657 na
1146 585 1265 660 muni·

166 765 169 774 ,
219 684 315 756 tione
330 681 590 767 continebatur,
613 681 681 771 fic,
704 703 744 757 ut
759 682 827 782 ipse
842 685 939 757 locus
951 708 1027 757 non
1041 608 1161 759 silum
1179 709 1261 783 ope·

219 780 456 873 re,sedetiam
467 800 585 854 natura
593 781 725 872 editus,
750 798 760 834 ¹
779 782 821 854 ad
834 781 1109 882 oppugnandum
1120 781 1258 856 hostem

169 889 197 992 '3
222 877 428 954 abverteret.
452 877 539 951 Huc
555 878 754 964 accedebat,
778 882 872 978 quod
882 903 969 977 aqua
978 879 1217 976 praeterquam
1227 878 1260 953 in

195 1051 197 1055 ,
221 975 296 1075 ipso
305 976 456 1074 oppido,
468 1000 538 1049 non
554 997 644 1050 erat:
664 1001 740 1049 narn
756 977 976 1050 circumcirca
984 976 1078 1050 rivus
1087 977 1257 1076 nusquam

222 1075 453 1173 reperiebatur
469 1075 610 1173 propius
625 1075 731 1147 millia
747 1074 901 1172 pasl'uum
917 1099 999 1165 rrx,
1022 1097 1102 1173 quae
1116 1099 1177 1148 res
1193 1100 1258 1148 ma·

172 1189 201 1275 '4
228 1171 1260 1273 gnoeratadjumentooppidanis.Tumpraetereaaccedebat‚

172 1264 176 1275 ’
222 1292 265 1346 ut
284 1295 411 1370 agger,
433 1269 677 1367 materiesque,
700 1270 792 1343 unde
816 1267 924 1343 solitae
942 1269 1021 1342 sunt
1045 1290 1163 1344 turres
1184 1269 1258 1369 agi,

136 1451 141 1469 ,
218 1366 784 1468 propiusmilliapaslirumvrnon
796 1366 1063 1467 reperiebantur.
1083 1367 1141 1441 Ac
1151 1369 1258 1441 Pom·

219 1467 346 1564 pejuS,
368 1485 409 1538 ut
431 1464 552 1562 oppidi
575 1465 872 1564 oppugnationem
890 1464 1055 1539 tutiorem
1080 1463 1257 1554 efficeret,

220 1585 363 1636 omnem
380 1561 554 1636 materiem
572 1566 703 1635 circum
719 1563 888 1660 oppidum
902 1561 1256 1637 succisamintrocou·

170 1671 199 1766 '5
223 1659 333 1758 gessit.
355 1661 409 1734 Ira
425 1660 605 1733 necessario
622 1660 877 1733 deducebantur
894 1659 1025 1745 nostri,
1050 1680 1090 1733 ut
1107 1658 1128 1732 d
1147 1661 1253 1734 Mun·

219 1759 279 1843 da,
296 1782 399 1853 quarn
407 1757 565 1856 proxime
573 1779 750 1857 ceperant,
767 1757 941 1830 materiem
950 1758 1012 1830 illo
1020 1756 1255 1855 deportarent.

100 1896 104 1905 1
170 1868 195 1950 l!
269 1857 392 1931 XLII.
415 1858 513 1930 Dum
530 1856 604 1929 haec
619 1855 661 1929 ad
675 1855 844 1928 Mundam
859 1872 1048 1952 geruntur,
1072 1854 1286 1929 &Ursao·.

223 1978 326 2046 nem,
347 1953 483 2044 Caesar,
507 1977 618 2051 quum
636 1951 656 2026 a
672 1951 830 2025 Gadibus
848 1955 890 2025 ad
910 1951 1080 2051 Hispalim
1106 1951 1140 2024 se
1164 1977 1257 2026 rece·

222 2051 339 2151 pill'et,
363 2050 552 2148 insequenti
562 2051 636 2139 die,
658 2049 823 2123 concione
832 2050 1015 2138 advocata,
1039 2073 1257 2123 commemo·

173 2175 203 2228 2
227 2170 299 2240 rat,
322 2155 417 2220 Initio
432 2149 574 2246 quaessura
591 2149 650 2242 fua
666 2173 738 2216 eam
750 2154 949 2247 provinciam
970 2175 1010 2218 ex
1025 2145 1167 2216 amnibus
1180 2171 1256 2249 pru·

174 2230 181 2246 ι
225 2251 340 2317 vinciis
346 2250 530 2346 peculiarem
538 2244 602 2336 sthi
613 2242 806 2336 coustituiffe,
823 2244 861 2315 (a
872 2301 882 2333 ,
894 2246 1117 2344 quapotuaffet,
1130 2273 1166 2314 eo
1176 2269 1255 2315 tem·

218 2364 295 2443 pore
312 2342 457 2437 benefida
475 2347 621 2442 largitum
634 2342 704 2434 effla:
726 2343 890 2437 insequenti
900 2363 1027 2441 praetura
1036 2347 1186 2442 ampliato
1201 2344 1255 2412 ha·

223 2465 318 2525 nore,
339 2442 522 2537 vesligalia,
547 2443 771 2534 quaMetellus
783 2440 972 2539 imposuisset,
997 2442 1142 2511 itSeuatu
1152 2443 1254 2540 petis·

213 2539 277 2630 se,
301 2536 340 2607 &⁹
348 2543 389 2604 eis
399 2543 537 2635 pecuniis
546 2539 743 2634 provinciam
755 2535 914 2624 liberasse:
937 2551 952 2590 ²
962 2538 1256 2636 fimulque‚patro·

220 2635 462 2732 ciniosuscepto,
487 2682 498 2722 3
517 2633 622 2701 multis
636 2628 749 2730 legibus
757 2631 794 2699 ab
795 2632 831 2725 se
839 2637 871 2700 iu
880 2638 1031 2721 Senatum
1040 2634 1199 2726 indubiis,
1208 2639 1256 2723 st.

66 2780 69 2785 -
212 2734 288 2800 'mul
302 2729 444 2832 publicas
452 2732 652 2831 privatasque
669 2731 802 2818 caussas,
824 2733 989 2798 multorum
1007 2737 1184 2800 inimicitiis
1186 2735 1257 2827 suf

172 2850 196 2937 3
221 2837 333 2929 ceptis,
355 2829 537 2922 defendisse:
550 2829 609 2917 fao
624 2832 696 2896 item
709 2831 742 2894 in
757 2824 1096 2922 consuluiuabfhntem,
1121 2854 1185 2922 qua
1196 2851 1256 2931 po-

215 2931 338 3021 tuiffet„
359 2925 516 3002 commoda
529 2929 698 3028 provincia
720 2920 873 3012 trduiffls:
897 2950 999 2999 earum
1014 2932 1148 2996 omnium
1165 2953 1254 2997 cona·

1188 3049 1256 3096 ma·

249 3202 275 3240 1.
293 3190 339 3236 uid
354 3190 512 3253 oppugnandum
529 3187 606 3248 hostem
616 3189 714 3234 atveru-
750 3185 856 3243 induisis]
879 3184 1007 3232 Beroaldiua
1021 3176 1205 3241 repastinatio,
1225 3190 1253 3234 lea

213 3255 265 3316 eet]
291 3257 346 3304 Alii
362 3255 472 3309 Codices
492 3250 587 3303 habent
603 3265 714 3317 appeteret.
745 3253 881 3308 rationibus,
898 3251 924 3301 δι
942 3241 1082 3319 (nisallor)
1100 3245 1253 3300 restiusha.

213 3322 325 3387 Utrique
343 3319 472 3371 mendose.
506 3316 666 3368 scribendum
689 3321 715 3365 ab
747 3315 797 3366 bet.
832 3321 1069 3380 Quamquamenrm
1079 3312 1250 3381 mulraeleges

215 3388 351 3453 oppugnando
366 3388 547 3447 hesternarum.
584 3385 694 3435 Goduin,
747 3380 847 3448 {Julio
869 3380 925 3453 latae
941 3374 1006 3425 sint:
1022 3379 1123 3452 'melius
1140 3390 1250 3440 tamen,

131 3448 134 3452 ’
250 3472 275 3508 2.
293 3453 406 3517 Simulque
416 3455 533 3514 patrocinio
545 3452 650 3515 suscepto]
671 3452 715 3502 vir
748 3445 970 3499 &convenientius
980 3442 1087 3501 dicitur,
1102 3445 1249 3509 legationes

213 3516 326 3568 summus
336 3519 366 3578 Is.
385 3519 518 3578 casaubonus
526 3516 557 3567 ad
566 3521 662 3567 Suetonii
670 3519 713 3584 Ju-
747 3514 774 3562 in
790 3513 904 3560 senatum
919 3509 1094 3567 introduilas,
1112 3511 1138 3559 δι
1160 3506 1256 3568 earum’

137 3638 140 3647 ,
213 3586 280 3634 lium
304 3596 358 3647 cap.
377 3590 455 3632 xvirr
482 3585 582 3648 reponit
598 3588 712 3649 provincia
748 3573 856 3627 causasb
872 3571 968 3626 Caesare
985 3574 1108 3642 susceptas
1118 3571 1175 3626 elle.
1196 3583 1248 3628 Ta·

185 3672 189 3681 ‚
209 3652 330 3712 patrocinio
342 3649 453 3713 suscepto.-
469 3649 580 3700 sednon
590 3665 652 3714 opus
662 3647 714 3705 est,
748 3646 785 3692 les
807 3655 917 3706 namque
931 3645 1001 3712 leges
1017 3660 1069 3693 non
1085 3640 1117 3690 ad
1132 3640 1250 3699 senatum

212 3727 242 3764 ut
255 3729 313 3764 eum
323 3714 469 3777 audiamus,
484 3731 544 3767 narn
559 3717 606 3765 illa
617 3712 713 3764 voxfa-
748 3723 865 3766 tanturn,
881 3704 924 3757 sed
938 3709 1060 3766 etiamad
1072 3709 1195 3780 populum
1209 3708 1251 3767 se.

210 3781 263 3843 tile
276 3778 482 3852 subintelligitur.
516 3786 610 3831 Davies.
748 3775 876 3832 rebantur·
906 3779 1001 3849 lustitia,

246 3864 272 3911 ί.
289 3853 370 3904 Itbrltit
384 3855 461 3920 legibus
475 3853 513 3904 abt
528 3850 556 3917 st
575 3855 599 3900 in
610 3848 712 3912 ,semitm
