2616 4462
307 310 370 365 nu
394 281 746 364 ButuoCrvrnr
772 286 875 360 Lro.
898 290 929 362 1.
966 340 968 345 -
1012 256 1161 392 '¹453

126 410 191 500 ἐἴη
216 408 319 484 datur
334 406 460 481 obsidis
486 408 565 480 ioco
583 407 707 479 Caesnti
731 409 824 482 filius
840 407 981 481 Afranii.
1011 410 1161 486 Venitur

123 511 254 582 iocum
271 507 416 594 locum,
442 530 547 602 quem
559 503 673 575 Caesut·
681 504 812 604 deligit.
835 506 993 580 audiente
1010 531 1160 606 utroque

120 607 275 681 exercitu
296 661 307 692 ‚
331 602 491 700 loquitur
508 601 668 676 Afranius
690 627 698 673 ε
727 619 737 651 1
759 609 835 672 Non
853 605 906 694 effi»
928 628 987 674 not
1005 610 1060 705 ipſs
1072 661 1081 692 ‚
1105 630 1161 676 out

119 701 270 774 militibus
277 702 534 794 succensendum,
559 700 747 795 qnodsdem
764 728 835 798 ergo
850 708 1062 796 inperatorem
1070 705 1161 795 sotum

121 807 182 872 Cn.
202 798 574 894 Pompejnmconfhrvnre
589 799 764 866 voluerint:
780 797 922 890 scissuris
933 805 994 880 jorn
1001 802 1162 893 ῥῖψαί-

110 899 190 994 scio
214 953 226 985 ‚
245 895 377 990 satisque
390 896 532 994 supplicii
556 895 650 981 tulisse
662 897 806 993 perpessos
823 902 956 962 omnium
975 923 1075 965 rerum
1095 902 1162 965 ino·

114 1000 224 1092 piom:
248 1017 327 1060 nttno
340 1017 429 1072 vero,
455 1007 469 1040 ²
482 1014 556 1090 pone
573 1012 610 1057 ut
618 993 753 1082 seminas
764 998 1033 1081 circummunitos,
1060 1009 1071 1053 ³
1087 1017 1158 1089 pro-

122 1087 225 1159 hiiori
237 1113 314 1180 aquo
331 1142 341 1174 ‚
365 1084 518 1186 prohiberi
534 1088 684 1184 ingresi:
716 1107 733 1172 {o
750 1115 843 1183 neque
866 1113 984 1194 corpore
1003 1090 1158 1182 dolorem,

124 1211 232 1278 neque·
245 1190 344 1252 animo
367 1189 567 1282 ignominiam
577 1185 663 1277 serre
677 1183 751 1278 posit
769 1216 779 1253 :
803 1191 907 1280 itaque
924 1188 960 1278 so
978 1188 1072 1255 vitios
1087 1215 1160 1256 con·

116 1281 233 1378 steri:
253 1302 443 1376 orarentque
455 1279 606 1376 obsecrare
623 1335 635 1371 ‚
652 1284 681 1375 fi
696 1287 766 1376 quis
782 1285 861 1352 locus
881 1284 1090 1376 misericordie
1107 1313 1155 1353 ro-

756 1407 764 1416 *
1096 1384 1159 1451 im-

156 1530 177 1566 r.
194 1523 242 1565 Non
249 1515 290 1578 effe
298 1527 338 1563 aut
351 1513 391 1578 ipsi
400 1523 439 1562 aar
449 1511 562 1569 militibus]
571 1514 619 1559 Le·
637 1511 641 1609 s
657 1509 772 1562 obtinere
797 1509 875 1578 posset
891 1547 899 1572 ,
921 1528 1021 1579 nequeo
1039 1513 1158 1580 equidem

120 1581 230 1648 gendum
247 1599 279 1631 ex
297 1585 353 1630 MS.
371 1584 462 1628 Neruio.
480 1579 623 1640 autipstsouc
637 1622 641 1660 Ι
657 1578 769 1630 divinate
787 1614 795 1636 ‚
812 1596 857 1628 nec
875 1615 882 1637 ‚
900 1593 927 1628 ut
951 1582 1067 1645 opinor,
1093 1582 1157 1629 alius

120 1651 241 1703 miliniam
261 1647 310 1696 dux
326 1647 460 1694 enimerat
475 1658 531 1691 cum
549 1646 623 1690 Atto·
675 1642 788 1708 uispinm.
806 1647 881 1693 Uicus
896 1644 929 1693 est
949 1647 975 1694 in
994 1643 1074 1694 verbis
1092 1681 1099 1703 ‚
1116 1648 1157 1696 cui

119 1715 163 1762 nio
178 1714 289 1773 Petreius
305 1747 312 1769 ,
328 1714 368 1760 cni
385 1709 551 1759 ctiomvenia
569 1721 622 1756 etat
656 1660 770 1759 sonando
784 1707 851 1759 solus
869 1710 1081 1775 operumdeditD
1104 1715 1156 1773 Vos-

120 1778 255 1843 precanda.
288 1779 364 1838 Julius
380 1778 458 1824 etiam
478 1776 546 1834 Celsus
562 1789 621 1838 pag.
650 1777 704 1834 stus.
735 1778 848 1889 Reponit
870 1777 915 1824 ille
929 1782 1036 1840 prohibero
1058 1780 1155 1839 egressu,

122 1858 177 1899 191.
197 1843 237 1893 ubi
245 1845 309 1893 itanc
321 1841 422 1891 Afranii
432 1842 575 1889 orationem
583 1855 622 1887 te·
635 1824 639 1918 Ι
653 1856 706 1890 non
713 1857 771 1906 pror
784 1860 810 1891 us
821 1841 923 1907 quidem
933 1840 1001 1892 mali
1012 1860 1019 1898 3
1038 1840 1079 1891 sed
1089 1842 1155 1892 hanc

119 1909 186 1967 sert,
202 1911 237 1959 ait
252 1929 289 1957 noc
303 1913 417 1963 NOBIS,
435 1909 519 1966 cision,
536 1921 622 1952 necmi-
654 1908 824 1968 conjeoiutam
841 1907 926 1972 postea
943 1905 1035 1958 deserit
1045 1943 1057 1965 ‚„
1070 1921 1156 1972 utpro-

119 1979 239 2025 triburiis
256 1977 324 2035 irasci
332 1975 413 2022 debeas.
446 1973 548 2020 DavieS.
655 1975 722 2020 hibere
737 1975 844 2036 congressu
859 1971 994 2023 substituat.
1020 1980 1055 2022 Au
1071 1987 1156 2038 pugna

151 2061 175 2093 2.
206 2047 265 2088 Pene
280 2054 306 2087 ur
319 2039 413 2099 feminas
426 2037 621 2093 circummunitos]
653 2054 699 2087 eos
715 2055 767 2088 non
777 2038 904 2106 prohibuit
915 2037 1011 2095 Cosam
1029 2038 1156 2087 constituit

116 2112 156 2158 lta
172 2102 230 2157 mss.
247 2119 338 2154 omnes
356 2122 365 2161 ;
381 2119 427 2152 nec
443 2116 529 2169 praetet
547 2101 621 2148 Cioc—
655 2107 807 2169 autemstgoo
822 2105 960 2165 inferentibus
975 2104 1081 2162 restim,
1095 2109 1156 2167 prior

119 2175 222 2225 eonium
232 2171 281 2221 suit
294 2167 489 2237 quisquam‚cui
500 2168 540 2216 hic
551 2168 620 2214 locus
651 2174 725 2233 proelio
742 2191 782 2218 noo
798 2173 901 2232 ioooffore.
927 2170 989 2220 Vide
1004 2185 1025 2218 c.
1044 2186 1155 2221 txxxrr.

117 2238 285 2305 suspicionem
301 2228 432 2286 moverit.'
452 2231 621 2298 Suspicionem
655 2238 768 2287 Omnino
784 2233 940 2286 sciibendum
957 2236 1155 2300 videtmprouioc.

117 2305 175 2355 dico
191 2341 199 2363 ,
216 2320 276 2355 nam
292 2302 417 2368 corrigere
434 2315 487 2349 non
503 2300 619 2348 tentavit
654 2290 777 2365 niigreffu
787 2301 897 2359 ‚fidest,
915 2299 1034 2360 discess'u3
1051 2304 1154 2352 camie-

119 2377 140 2420 E
162 2387 178 2419 o
194 2370 302 2420 emendo
320 2404 329 2427 ‚
350 2383 402 2432 pone
415 2381 440 2414 ut
453 2367 515 2427 foras
531 2371 620 2412 circum·
645 2366 764 2433 'silonem
774 2365 854 2417 sensui
870 2371 1154 2420 convenirenemonou

160 2440 222 2485 iiiios.
245 2437 288 2485 Ait
304 2433 452 2488 Afranius,
477 2427 502 2479 se
517 2427 621 2495 suosque
655 2432 731 2484 videt.
764 2439 859 2485 Daoies.

118 2497 227 2550 Caesrris
242 2504 350 2551 exercitu
367 2501 406 2548 ita
423 2493 553 2547 conclusos
570 2531 577 2554 ,
595 2509 620 2543 ut
684 2520 710 2562 4.
727 2508 800 2571 Neque
810 2515 892 2565 corpore
908 2503 1015 2557 dolorem,
1031 2503 1156 2566 nequeam·-

117 2565 191 2634 quaii
208 2565 324 2632 indagine
334 2567 542 2632 coptiteneantur
554 2579 560 2608 ε
570 2562 620 2610 haec
653 2583 687 2613 mo
702 2569 981 2632 ignominiomftrrepoffi]
995 2571 1100 2615 Dolorem
1109 2581 1155 2614 vo-

113 2649 177 2684 vera
193 2631 290 2689 teoto,
306 2633 390 2698 &qui
407 2630 438 2680 de
454 2644 484 2678 ea
502 2627 620 2685 dubitat,
639 2646 692 2679 cut
708 2630 849 2681 molestiam
868 2649 898 2682 err
915 2639 984 2699 aqui
1003 2667 1010 2690 ,
1026 2633 1156 2697 lignorum

114 2692 204 2749 iurem
224 2695 376 2747 nonhabet.
410 2694 541 2760 D,Voffiui.
652 2699 678 2746 ἀ
696 2696 816 2747 frumenti
832 2701 919 2764 inopia
939 2712 1022 2748 ortum
1039 2715 1045 2744 ι
1062 2698 1092 2745 iis
1111 2713 1155 2745 au-

82 2802 87 2809 .
147 2783 172 2822 3·
191 2765 387 2827 Prohibereaqno,
400 2758 618 2826 prohibereingreffu]
653 2776 705 2812 tem
727 2767 840 2813 maxima
858 2779 911 2814 erut
928 2768 1043 2828 ignominia
1059 2797 1066 2819 ,
1085 2760 1155 2827 quod

112 2832 214 2882 Eodem
230 2825 331 2894 respicit
363 2829 503 2892 uopriota:
526 2821 620 2874 sedlo·
653 2830 837 2879 circummuniti
857 2830 1015 2889 tenebantur.
1034 2833 1080 2876 Por.
1098 2830 1157 2892 qui-

114 2913 154 2947 tus
172 2900 239 2947 item
257 2891 328 2944 mali
345 2843 425 2943 sanus.
442 2898 513 2958 Lego
523 2891 618 2954 egreffu:
653 2892 711 2943 dem
728 2901 846 2944 Ciooconios
860 2912 906 2961 pto
921 2900 991 2944 doloro
1000 2889 1109 2941 rescribit
1120 2898 1154 2941 ia-

113 2965 235 3013 nimirum
250 2965 313 3026 quia
332 2957 406 3009 claufi
423 2972 503 3007 erunt.
521 2955 620 3028 Sed-vi·
652 2962 748 3018 iorem,
773 2963 833 3027 quin
857 2964 974 3011 dolorem
994 2958 1041 3008 soli
1066 2961 1155 3009 animo

114 3028 173 3080 deor
186 3028 280 3078 melius
299 3024 361 3092 quid
378 3020 511 3090 reperisse,
528 3025 554 3072 δι
564 3027 618 3069 ien·
653 3041 793 3091 competere
806 3030 919 3094 putavit,
937 3041 962 3077 ut
977 3021 1096 3090 'equidem
1115 3040 1155 3074 ar·

113 3091 150 3144 sur
158 3097 242 3161 aptior
257 3095 323 3151 etit,
345 3087 507 3140 sisctibamus
524 3088 619 3149 congris·
651 3091 752 3151 bitror,
769 3096 848 3143 aliam
864 3095 932 3142 enim
949 3094 1155 3142 rationemcom·

113 3163 150 3220 sn.
164 3168 196 3211 Et
212 3154 469 3223 hocvetespeoant,
485 3169 538 3220 quae
547 3153 619 3219 paui·
652 3157 751 3207 minisci
767 3175 820 3208 non
836 3155 940 3223 poffum.
957 3163 1089 3223 Utcunque
1104 3155 1154 3216 tit,
1201 3192 1204 3196 -

117 3222 147 3273 li)
161 3226 211 3292 post
231 3223 314 3277 Caesar
332 3225 387 3280 ait,
403 3239 469 3287 noque
485 3234 568 3284 corporo
582 3221 618 3266 do·
652 3224 709 3273 huic
732 3238 799 3275 certe
827 3226 885 3273 loco
900 3227 960 3273 dolor
982 3227 1072 3274 meiius
1092 3240 1154 3274 cou-

117 3292 185 3338 lomn
197 3329 206 3353 ‚
229 3310 296 3358 neque
313 3294 385 3338 animo
402 3291 540 3352 ignominiam
558 3287 620 3346 ferre
651 3291 726 3356 gruit,
755 3296 821 3341 cicero
841 3287 912 3341 Tusc,
935 3290 1022 3358 Qaest,
1050 3288 1095 3339 lib,
1113 3305 1154 3340 11.

111 3357 183 3421 poffe.
203 3360 351 3412 Dolorem,
375 3357 435 3422 quia
454 3350 524 3402 fame
540 3354 566 3402 &
579 3349 619 3402 fiti
652 3371 706 3423 cap.
726 3373 766 3409 xv.
786 3357 873 3417 Interest
892 3361 975 3421 aliquid
982 3363 1038 3405 inter
1047 3359 1154 3413 ioiorom,

116 3419 287 3475 vexabantur:
302 3423 493 3490 ignominiam,
504 3416 620 3484 qUOdig·
654 3423 679 3474 sc
696 3426 806 3479 dolorem:
819 3424 873 3483 stunc
884 3423 982 3484 finitimo
998 3427 1082 3471 omnino
1093 3457 1101 3480 ,
1114 3421 1155 3484 sed
1215 3423 1216 3426 ’

111 3503 187 3540 nava
198 3504 274 3555 morte
283 3490 388 3558 petituri
405 3483 482 3537 essent
501 3521 510 3548 2
528 3487 620 3549 quippe
653 3504 726 3538 tamon
743 3489 817 3554 differt
831 3493 923 3553 aliquid.
940 3491 1011 3539 Loior
1027 3487 1056 3548 est
1067 3489 1155 3549 fannio

71 3610 76 3616 ,
110 3553 209 3622 quibus
228 3569 355 3622 negaretur
368 3554 507 3620 proelium,
527 3549 560 3599 ad
574 3549 620 3598 ho·
653 3554 751 3621 quadani
766 3559 803 3605 uei
820 3559 887 3603 animi
903 3561 941 3605 vei
955 3557 1046 3620 corporis
1060 3558 1155 3615 gravio·

109 3617 184 3672 nestie
201 3620 406 3672 occumbendum.
428 3625 486 3669 Hac
500 3615 620 3671 emenda·
654 3639 684 3681 ns
702 3623 804 3688 operis&
820 3627 931 3670 muneris:
947 3627 1088 3671 dolorantem
1104 3638 1153 3673 mo,-

109 3686 148 3738 tlo
164 3704 223 3738 non
244 3686 310 3737 ambi
327 3702 344 3736 o
362 3689 425 3754 quin
443 3686 500 3735 aliis
520 3696 620 3757 quoque
653 3692 761 3755 tntisper
778 3693 913 3752 incorpore,
929 3694 1011 3737 alienus
1030 3686 1040 3734 i
1049 3686 1153 3746 sensurus,

106 3749 136 3807 st
151 3752 295 3821 probatura
305 3704 341 3804 st.
376 3760 410 3804 D.
423 3751 510 3815 i'offius.
598 3815 604 3825 ι
652 3753 716 3804 vide
731 3761 758 3810 oe
774 3751 848 3804 offic.
865 3753 909 3805 lib.
926 3770 981 3808 111.
999 3766 1054 3820 cap.
1069 3763 1092 3802 r.
1126 3756 1154 3815 [ἶ

141 3822 229 3888 Μ]
255 3812 338 3894 ouen
358 3821 446 3892 iorum
461 3815 563 3886 ingreffla
579 3813 621 3869 inc
654 3823 710 3876 dem.
808 3883 852 3940 Η

1185 623 1208 709 3

1183 1015 1210 1094 4

1181 1307 1207 1384 5
1264 1254 1266 1265 J
