2616 4462
369 268 453 364 Jos.
477 268 669 343 Scauro.
693 266 848 344 Erras.
1068 264 1146 376 859¹

107 394 306 469 trocorium,
327 391 530 475 aginnenses,
553 390 740 457 cadurcium
765 388 914 477 Queri)
926 434 937 467 ‚
956 388 1144 460 Rutenensea
1236 401 1238 405 '

117 487 302 568 (Rruargue).
324 475 421 541 Ultra
437 479 627 541 Garumnam
644 496 713 542 tota
731 476 1046 563 Novempopulania‚
1067 501 1146 562 prae·

114 585 160 630 ter
178 568 369 630 Benearnum
391 563 531 646 (Bearn),
554 561 638 646 quod
655 565 774 649 semper
788 561 846 628 fuit
861 563 995 628 absoluti
1012 563 1152 646 imperii.'

114 652 221 735 Itaque
237 648 378 711 omnium
395 647 519 712 istorum
539 649 690 712 traetuum
704 649 845 722 nomine,
867 671 921 712 rex
939 645 1080 731 Angliae,
1096 667 1148 712 aut
1236 693 1237 697 ,

114 732 336 819 primogenitus
357 733 480 814 Angliae
503 736 650 818 (Princeps
664 736 697 795 de
711 739 801 797 Galles
815 732 917 815 aeuus)
939 733 1075 796 faciebat
1090 730 1152 813 hoff

112 822 249 902 magium
266 817 330 900 regi
347 817 503 882 Francia:
527 817 667 881 Comites
676 838 777 882 autem
790 820 1013 888 Armaniacus,
1039 818 1150 900 Rigor-

112 904 201 966 rensrs
211 948 226 975 ,‚
243 901 402 973 Furensrs,
420 902 516 967 &alii
533 900 688 967 faciebant
700 904 753 989 ipsi
771 905 877 989 Anglo
892 904 1070 987 homagium
1082 920 1148 964 non

114 987 194 1072 Regi
209 988 356 1051 Francia.
381 987 458 1050 Haec
476 988 638 1062 latiffima,
661 989 864 1073 amplissima,
887 995 920 1056 dt
938 989 1086 1073 praedives
1102 1006 1150 1049 re·

113 1074 168 1156 gio
181 1075 305 1136 nomine
326 1071 473 1135 Guiennae
494 1071 672 1135 censebatur
693 1076 839 1157 usquead
862 1080 985 1158 regnum
1006 1071 1150 1151 Ludovi·

113 1157 143 1219 ei
158 1159 222 1231 XI,
242 1159 293 1242 qui
310 1178 381 1219 cunr
397 1156 501 1220 Fratri
516 1157 698 1222 attribuisset
715 1160 873 1225 Ducatum
891 1160 1090 1243 Aquitaniae3
1113 1160 1150 1222 δι

110 1241 169 1325 ipsr
194 1241 372 1326 promisisset
396 1243 530 1326 quinque
551 1241 770 1308 Seneschallias
782 1289 791 1318 ,
817 1266 853 1308 ex
869 1266 927 1308 una
945 1242 1152 1326 Burdegalen.

112 1325 133 1390 fi
157 1323 363 1391 Seneschallia
380 1324 454 1390 fecit
475 1345 558 1390 tres:
582 1326 858 1411 Burdegalensem,
880 1350 946 1414 quae
967 1347 1057 1391 unam
1080 1345 1150 1389 tan·

113 1409 182 1474 tum
208 1411 377 1477 Dioecesrm
400 1411 644 1496 complectitur:
674 1411 875 1500 burdegalam
898 1415 1023 1497 ipsam3
1048 1412 1152 1474 Vasa·'

112 1499 252 1571 tensem,
274 1494 306 1560 in
328 1517 387 1580 qua
403 1496 469 1560 duae
489 1497 675 1572 Dioeceses,
696 1520 806 1585 nempe
824 1497 1009 1568 Adurensrs,
1031 1501 1063 1561 δε
1082 1496 1149 1579 ipsa

114 1580 285 1645 Vasatensrs
304 1623 314 1654 ‚
338 1582 512 1646 &tertiam
531 1581 785 1664 Lapurdensem,
806 1585 837 1646 in
859 1604 918 1666 qua
932 1583 998 1647 duae
1016 1582 1150 1645 Dinece·

113 1667 173 1741 ses,
198 1669 296 1751 Aquae
307 1665 513 1738 Tarbellicae,
537 1671 570 1732 de
590 1667 825 1750 Lapurdensium
836 1667 943 1762 civitas
950 1711 961 1741 ,
981 1666 1039 1730 slve
1054 1667 1150 1730 Baio-

115 1770 163 1812 na.
186 1771 328 1834 quartam
343 1749 575 1817 Seneschallram
585 1753 777 1817 Xantonium
792 1751 923 1816 addidrt.
947 1751 1001 1815 Ab
1018 1770 1056 1813 eo
1068 1770 1150 1814 tem-

115 1854 191 1919 pore
209 1836 380 1920 Aquitania
401 1837 504 1918 coepit
526 1837 631 1899 vocari
651 1857 750 1901 totum
773 1835 873 1910 illud,
896 1833 980 1921 quod
995 1833 1065 1896 illas
1085 1855 1152 1898 tan·

115 1938 183 1981 tum
199 1940 330 2003 quatuor
344 1919 563 1987 Seneschallias
581 1922 729 1986 continet.
773 1919 833 1988 Sed
853 1922 974 2005 Regum
995 1918 1061 1992 est,
1083 1940 1152 1983 mu-

115 2020 182 2065 tare
197 2005 344 2068 terminos
360 2005 609 2088 provinciarum,
632 2027 691 2069 non
708 2008 892 2072 memoriam
911 2024 1020 2089 retum.
1064 2004 1151 2068 Nam

116 2088 262 2152 hedenus
279 2111 385 2153 omnes
401 2091 521 2174 reliquae
537 2089 749 2157 Seneschalliae
766 2111 878 2155 vocant
894 2093 952 2154 sese
972 2087 1150 2174 Aquitanos

115 2175 165 2235 vel
183 2175 394 2238 Guiennenses.
425 2196 514 2257 atque
533 2177 609 2240 adeo
632 2175 840 2242 Seneschallus
857 2172 1078 2259 burdigalensrs
1095 2195 1151 2237 ro-

115 2277 203 2321 catur
218 2279 346 2343 magnus
368 2258 574 2325 Senesrhallus
591 2296 606 2334 ‚·
630 2283 691 2324 non
711 2263 833 2348 quidem
856 2261 940 2346 quod
962 2259 1054 2323 hodie
1078 2258 1152 2323 talis

115 2342 177 2415 fit,
206 2344 277 2424 (est
294 2345 375 2408 enim
403 2344 549 2408 minimus
570 2348 707 2409 omnium
725 2358 756 2427 )‚
777 2346 826 2410 sed
854 2348 926 2432 quia
951 2342 1152 2427 Burdigalen-

114 2426 151 2490 fis
166 2426 371 2496 Seneschalsia
388 2429 519 2514 quinque
536 2430 729 2494 Dioecesrbus
745 2432 923 2496 finiebatur:
947 2435 980 2496 δι
1001 2450 1092 2514 quum
1110 2450 1150 2492 eo

115 2514 240 2574 nomine
256 2535 407 2597 magnus,
429 2534 461 2577 ut
476 2536 506 2576 re
521 2536 589 2579 uera
608 2535 694 2589 erat,
716 2536 905 2596 vocaretur3
924 2513 1034 2589 hodie,
1056 2513 1152 2576 ditio·
1248 2547 1251 2554 ·

115 2617 154 2660 ne
178 2599 339 2661 imminuta
363 2619 474 2662 nomen
494 2601 647 2686 integrum
668 2601 801 2665 retinuit.
853 2601 935 2687 Quin
952 2600 1047 2664 etiam
1063 2599 1152 2680 quic·

117 2682 192 2764 quid
212 2680 251 2745 ad
273 2682 468 2765 Burdigalam
487 2685 584 2748 solam
608 2686 764 2768 pertinet,
791 2684 824 2749 id
846 2706 907 2748 non
935 2682 1150 2765 Burdigalense

116 2766 209 2829 hodie
229 2786 375 2839 vocatur,
395 2768 446 2831 sed
466 2770 683 2853 Aquitanum‚
705 2771 753 2834 vel
771 2771 970 2833 Guiennense.
1008 2767 1049 2831 Er
1064 2767 1150 2831 curia

116 2851 290 2935 Burdigalae
313 2851 440 2922 minor,
462 2852 479 2915 ὲ
495 2877 554 2936 qua
575 2855 758 2939 provocatio
777 2854 817 2918 est
841 2853 879 2918 ad
897 2853 1151 2924 Parlamentum,

116 2936 202 2998 curia
219 2938 388 3015 Guienna,
413 2941 446 3002 δε
468 2937 581 3016 judices
608 2940 752 3004 Guienna
769 2959 938 3009 vocantur,
963 2957 1023 3000 non
1041 2935 1160 2999 Burdi··

116 3021 193 3102 galae
254 3021 331 3085 Haec
347 3021 440 3105 igitur
456 3023 594 3086 Guienna
609 3067 619 3097 ‚
640 3045 704 3107 quae
721 3023 812 3088 hodie
828 3044 958 3107 quatuor
974 3018 1152 3087 Seneschal-

116 3106 347 3179 suscensent,
375 3107 479 3169 vocari
497 3106 559 3186 jure
574 3109 687 3172 merito
704 3109 800 3192 potest
818 3108 986 3194 Aquitania
1001 3107 1058 3171 srve
1075 3106 1154 3169 Gui-

117 3209 194 3253 enna
213 3191 367 3256 Ludovici
383 3191 446 3254 XI.
471 3191 564 3277 Quod
580 3191 646 3256 dixi
661 3195 699 3255 de
723 3193 881 3264 Pretorio,
903 3213 996 3277 quum
1012 3193 1043 3255 in
1059 3190 1155 3255 feudo

77 3331 82 3339 ,
120 3275 296 3357 Aquitaniae
321 3277 379 3341 five
400 3277 545 3341 Guiennae
562 3278 796 3360 comprehendit
816 3274 976 3342 Edoardus
992 3277 1057 3349 ΙΙΙ,
1074 3277 1153 3340 scito

117 3362 196 3441 saepe
211 3362 361 3425 exclusum
379 3359 463 3425 fuisse
478 3383 514 3426 ex
534 3362 723 3446 Aquitania,
745 3384 777 3426 ut
793 3362 845 3424 sub
856 3361 1019 3426 Ludovico
1037 3362 1099 3435 IX,
1112 3361 1155 3440 (is

117 3444 157 3511 est
175 3441 301 3508 Sanetus
318 3447 520 3531 Ludovicus)
540 3449 619 3530 saepe
645 3447 812 3511 restitutum
830 3446 938 3512 finibus
964 3447 1154 3532 Aquitaniae.

120 3532 213 3593 Certe
229 3528 387 3594 hodienon
404 3553 497 3615 parva
517 3552 587 3618 pars
602 3531 853 3598 Pidoniidicunt
864 3535 919 3598 sese
935 3532 1194 3631 Guiennensesa,

120 3637 154 3681 ut
169 3615 247 3676 olim
260 3634 344 3676 erant
354 3638 384 3680 re
397 3637 477 3682 vera.

162 3704 314 3762 comnotus
333 3701 539 3788 Aventonenfis,
558 3703 635 3768 alias
644 3703 822 3769 Comitatus
831 3704 953 3786 Venisse,
974 3702 1067 3767 habet
1079 3703 1157 3788 quass
1218 3746 1221 3751 -

117 3801 188 3855 tuor
207 3784 378 3878 Dioeeeses.
400 3786 512 3856 Unum
524 3788 840 3877 Arthiepiscopatum
859 3788 1156 3939 Arenionem3Etrer
1203 3873 1206 3880 Α

1106 3891 1158 3960 1³1:
