2616 4462
157 258 234 337 594
348 208 352 225 .
388 234 436 313 C.
459 237 489 336 J.
513 236 732 315 CAEsAius
755 227 1006 312 Constituit

158 380 231 427 ram
255 380 323 429 una
345 357 449 434 nosle
463 358 615 433 constitit
633 380 644 441 ;
667 354 850 430 &vocatis
872 359 912 430 ad
933 358 964 430 se
983 357 1192 458 Amphipoli

158 453 372 554 hospitibus,
397 455 584 552 &pecunia
596 452 636 522 ad
645 450 840 525 necessarios
856 453 1010 552 sumptus
1029 482 1193 558 corroga-

160 570 216 639 ta,
240 555 383 654 cognito
397 550 536 624 Caesaris
552 549 701 620 adventu
719 606 730 638 ‚
755 574 799 622 ex
813 575 854 622 eo
870 553 948 636 loco
964 553 1128 647 dit‘ceffit,
1153 560 1192 630 &
1256 610 1257 614 =

111 667 136 743 5
163 649 352 750 Mitylenas
369 648 478 745 paucis
493 644 610 717 diebus
622 646 727 719 venit.
753 647 905 720 Biduum
924 652 1124 746 tempestate
1139 678 1194 725 re-

162 768 300 836 tentus,
324 740 610 838 nauibusquealiis
622 743 744 816 additis
761 744 932 828 adluariis,
959 748 993 819 in
1010 747 1192 835 Ciliciam,

115 841 140 915 6
163 845 354 941 atqueinde
371 838 529 937 Cyprum
547 842 717 937 pervenit.
741 840 793 912 lbi
807 843 1003 940 cognoscit,
1027 845 1192 919 consensu

163 966 318 1014 omnium
330 935 637 1030 Antiochensium,
660 938 858 1036 civiumque
868 943 1113 1014 Romanorum
1131 945 1192 1040 qui

162 1033 524 1133 illicnegotiarentur,
548 1058 660 1108 arcem
677 1055 754 1107 ante
771 1057 900 1134 captam
918 1038 985 1110 ess'e
1002 1043 1196 1113 excluden-

163 1134 198 1205 di
214 1132 262 1204 sui
279 1127 385 1203 caussa
404 1154 414 1216 3
439 1131 652 1230 nunciosque
677 1132 827 1206 dimissos
841 1135 881 1204 ad
905 1158 962 1206 eos
981 1191 991 1222 ,
1015 1138 1129 1233 quise
1149 1163 1194 1211 ex

162 1226 244 1327 fuga
260 1227 296 1299 in
312 1224 474 1300 finitimas
490 1228 644 1302 civitates
661 1230 818 1326 recepisse
836 1231 1047 1316 dicerentur,
1067 1259 1109 1306 ne
1120 1237 1195 1308 An·

163 1323 321 1397 tiochiam
339 1322 468 1395 adirent
485 1354 494 1397 a
520 1325 553 1396 id
570 1324 594 1397 si
611 1325 782 1414 fecissent,
799 1350 925 1424 magno
941 1353 1061 1400 eorum
1077 1333 1196 1428 capitis

117 1433 141 1509 7
163 1419 318 1519 periculo
328 1417 504 1517 futurum.
523 1423 618 1495 Idem
629 1425 696 1496 hoc
711 1422 753 1495 L.
765 1423 942 1512 Lentulo,
960 1426 1025 1521 qui
1042 1427 1195 1522 superio·

162 1541 199 1601 re
216 1542 307 1592 anno
329 1516 449 1592 consul
473 1515 612 1605 suerat,
637 1522 673 1594 ὅ(
689 1522 731 1594 P.
756 1519 912 1593 Lentulo
935 1520 1131 1611 consulari,
1155 1551 1194 1600 ac

162 1614 340 1688 nonnullis
365 1615 437 1688 aliis
460 1617 622 1689 acciderat
644 1617 795 1702 Rhodi,
820 1617 880 1715 qui
908 1643 1018 1716 quum
1042 1643 1087 1691 ex
1111 1624 1195 1719 suga

162 1712 374 1812 Pompejum
392 1711 647 1811 sequerentur,
671 1736 775 1813 atque
794 1715 828 1787 in
847 1714 988 1787 insulam
1006 1716 1196 1809 venissent,
1238 1713 1242 1718 ’

163 1810 297 1907 oppido
313 1835 351 1885 ac
369 1830 472 1908 portu
498 1811 623 1908 recepti
640 1837 711 1885 non
735 1833 830 1886 etant
850 1839 861 1885 t
890 1811 1062 1912 missisque
1079 1818 1119 1886 ad
1137 1839 1196 1888 eos

165 1908 330 1997 nunciis,
354 1928 394 2008 ut
412 1932 455 1980 ex
473 1908 511 1981 iis
528 1909 610 1983 locis
633 1908 874 1999 discederent,
898 1932 1016 1984 contra
1033 1911 1196 1984 volunta-

165 2026 237 2080 tem
254 2005 346 2077 suam
357 2029 459 2079 naves
474 2004 661 2080 solverunt.
684 2008 831 2106 Jamque
849 2009 893 2081 de
911 2008 1052 2084 Caesaris
1066 2010 1195 2084 adven·

166 2122 206 2179 tu
222 2099 309 2173 fama
324 2103 364 2174 ad
389 2103 798 2201 civitates-perferebatur.

122 2229 139 2279 ι
215 2199 315 2272 Clll.
339 2199 480 2295 Quibus
494 2201 640 2299 cognitis
654 2200 777 2291 rebus,
802 2203 1014 2299 Pompejus,
1039 2201 1198 2297 depofito

96 2388 99 2392 ι
164 2296 332 2370 adeundae
349 2297 459 2396 Syriae
474 2298 634 2384 consilio,
658 2298 805 2401 pecunia
822 2298 985 2371 societatis
996 2296 1143 2393 sublata,
1159 2302 1197 2372 ὅ(
1217 2299 1222 2304 ’

167 2393 188 2467 al
204 2393 407 2492 quibusdam
425 2393 567 2493 privatis
581 2396 737 2493 sumpta,
760 2397 796 2469 ἃ
808 2396 883 2467 aeris
898 2419 1025 2492 magno
1043 2398 1197 2492 pondere

64 2546 67 2551 -
165 2491 209 2564 ad
227 2491 406 2565 militarem
424 2490 567 2564 usumin
583 2516 683 2565 naves
699 2492 879 2590 imposito,
903 2493 1108 2589 duobusque
1120 2494 1199 2565 mil-

165 2587 258 2662 libus
274 2586 455 2678 hominum
471 2586 623 2678 armatis,
647 2590 769 2686 partim
786 2613 872 2686 quos
887 2613 932 2661 ex
943 2587 1079 2663 familiis
1094 2589 1198 2663 socie·

167 2706 278 2759 tatutn
302 2684 502 2784 delegerat,
521 2687 656 2784 vpartim
680 2685 699 2758 ὲ
718 2685 987 2785 negotiatoribus
1007 2691 1166 2788 co'e'gerat
1186 2740 1197 2774 ,

169 2782 326 2882 quosque
343 2806 387 2854 ex
411 2781 478 2855 suis
500 2782 644 2882 quisque
660 2784 701 2856 ad
714 2784 810 2875 ⁴hanc
828 2807 899 2854 reni
925 2785 1066 2858 idoneos
1084 2781 1198 2853 existi-

122 2905 149 2959 2
171 2879 313 2972 mabat,
335 2879 513 2954 Pelusium
538 2881 708 2978 pervenit.
740 2880 793 2956 Ibi
811 2880 886 2952 casu
905 2906 965 2954 rex
988 2902 1057 2953 erat
1078 2878 1199 2952 Ptole·

170 3003 299 3069 maeus,
323 3002 410 3077 puer
422 2996 542 3070 aetate,
566 2977 698 3079 magnis
715 2977 843 3077 copiis,
867 3002 947 3051 cuin
963 2977 1075 3052 sorore
1090 2975 1199 3047 Cleo-

169 3098 263 3173 patra
280 3102 401 3176 gerens
415 3073 546 3149 bellum
567 3102 578 3164 3
602 3100 704 3175 quani
722 3076 837 3174 paucis
853 3097 931 3148 ante
950 3072 1121 3148 mensibus
1137 3099 1201 3169 per

107 3242 110 3254 .
169 3173 249 3248 suos
264 3174 840 3274 propinquosatqueamicosregno
853 3174 1053 3265 expulerat:
1083 3171 1204 3244 castra-

171 3296 240 3368 que
260 3272 457 3369 Cleopatrae
483 3297 553 3345 non
570 3273 679 3372 longo
702 3271 807 3366 spatio
826 3269 869 3342 ab
885 3271 957 3367 ejus
977 3268 1089 3341 castris
1103 3269 1203 3341 dista·

126 3381 149 3464 3
172 3367 264 3442 bant.
290 3371 347 3444 Ad
363 3395 443 3444 euin
461 3370 648 3466 Pompejus
664 3367 773 3451 mihi,
798 3386 839 3439 ut
852 3390 916 3463 pro
930 3365 1079 3462 hospitio
1098 3386 1203 3462 atque
1254 3456 1256 3463 .

173 3466 319 3540 amicitia
333 3467 436 3567 patris
454 3465 663 3540 Alexandria
681 3464 912 3560 reciperetur,
935 3483 1038 3561 atque
1055 3462 1148 3535 illius
1164 3490 1203 3534 o-

124 3572 152 3652 4
174 3563 274 3660 pibus
289 3563 323 3636 in
342 3564 529 3653 calamitate
547 3582 733 3673 tegeretur.
774 3561 841 3636 Sed
859 3560 920 3660 qui
935 3561 978 3633 ab
1003 3586 1046 3634 eo
1063 3559 1148 3634 miffi
1164 3583 1202 3628 e·
1248 3608 1253 3615 ·

173 3682 269 3751 rant,
293 3660 454 3739 confecto
469 3661 653 3762 legationis
668 3658 803 3752 officio,
828 3659 969 3764 liberius
985 3683 1065 3737 cuni
1081 3653 1201 3736 militi-

1136 3749 1204 3848 bui
