2616 4462
247 250 320 337 *ne
344 265 507 337 Brinno
530 260 689 335 Civtni
720 257 821 335 Lis.
844 261 891 336 11.
1032 287 1115 371 495

63 381 271 487 quibusdam
287 381 433 457 Caesaris
447 383 485 456 in
501 382 534 456 se
545 380 722 456 beneficiis
738 381 789 455 illi
807 384 1013 462 amiciffimi:
1027 414 1112 465 con·

66 504 217 574 ventus,
243 481 305 580 qui
323 505 366 554 ex
385 480 487 553 variis
505 478 691 579 generibus
714 480 884 556 constaret
904 509 914 572 3
939 503 1048 561 terror
1065 513 1111 564 ex

66 580 298 681 superioribus
313 579 447 677 proeliis
462 601 618 677 magnus.
644 577 765 677 Itaque
791 597 803 631 1
823 580 866 654 de
884 581 1058 658 deditione
1073 613 1112 660 o·
1134 604 1160 658 2

62 704 161 755 mnes
179 676 294 776 palam
312 677 569 772 loquebantur,
594 678 631 750 &
648 701 728 749 cum
753 679 796 754 P.
820 679 921 753 Attio
939 679 1115 790 agebant,
1152 736 1155 749 .

62 803 106 851 ne
122 776 182 851 sua
201 774 386 874 pertinacia
410 774 568 848 omnium
597 771 753 848 fortunas
774 779 970 874 perturbari
995 779 1114 852 vellet.

61 875 160 950 Haec
183 896 296 971 quum
311 874 520 973 agerentur.
546 871 665 946 nuncii
682 873 840 971 praemiffi
860 874 902 947 ab
926 897 1010 974 rege
1023 877 1113 971 Juba
1137 887 1161 973 3

62 991 265 1061 venerunt,
281 976 340 1069 qui
349 970 450 1043 illum
465 992 545 1042 cum
557 969 690 1068 magnis
707 971 931 1070 copiisadolle
944 975 1115 1066 dicerent,

62 1070 158 1146 &de
175 1066 590 1141 custodia-acdefenfione
607 1066 703 1143 urbis
713 1070 945 1145 hortarentur.
969 1095 1050 1170 quae
1060 1095 1115 1145 res

63 1189 192 1242 eorum
209 1165 405 1261 perterritos
421 1166 555 1240 animos
569 1163 803 1241 confirmavit.

117 1263 319 1340 XXXVII.
344 1263 616 1338 Nunciabantur
632 1264 707 1338 haec
721 1266 837 1341 eadem
853 1264 1003 1340 Curioni
1022 1323 1033 1358 ,
1057 1264 1113 1340 sed
1140 1291 1157 1342 ι

64 1358 277 1460 aliquamdiu
292 1360 380 1435 fides
398 1361 474 1436 fieri
486 1387 558 1436 non
568 1381 721 1461 poterat:
742 1385 868 1439 tantam
886 1363 1029 1438 habebat
1040 1363 1125 1438 sua-'

65 1483 144 1532 rum
161 1484 278 1533 rerum
296 1458 484 1534 fiduciam!
508 1461 654 1558 Jamque
664 1459 861 1549 Caesarislin
877 1461 1042 1561 Hispania
1061 1486 1113 1536 res
1136 1477 1162 1528 2

65 1556 225 1632 secundae
248 1558 285 1632 in
312 1554 466 1631 Africam
490 1560 626 1632 nunciis
648 1582 687 1632 ac
710 1559 816 1634 literis
837 1559 1112 1658 perferebantur.

65 1654 369 1751 quibusomnibus
383 1655 486 1729 rebus
499 1653 675 1748 sublatus,
696 1657 781 1731 nihil
791 1677 909 1732 contra
928 1659 960 1731 se
970 1659 1112 1757 Regem

66 1752 225 1825 nisurum
239 1752 463 1827 existimabat.
488 1755 555 1828 Sed
573 1753 633 1828 ubi
642 1755 742 1829 certis
755 1755 954 1841 audoribus
972 1780 1111 1854 compe·
1138 1766 1162 1850 3
1182 1769 1183 1773 ’

68 1847 118 1920 rit
142 1900 157 1933 2
176 1850 288 1924 minus
301 1853 371 1928 v&
386 1875 435 1924 xx
452 1850 606 1926 millibus
621 1852 726 1926 lonoe
741 1854 783 1926 ab
794 1854 899 1928 Utica
912 1853 985 1950 ejus
997 1854 1112 1948 copias

67 1945 203 2034 abelse3
226 1947 356 2021 reliuis
369 1948 622 2025 munitionibus
640 2007 652 2041 ,
689 1949 741 2024 ese
756 1951 792 2024 in
810 1951 914 2025 castra
930 1949 1113 2024 Cornelia-

67 2069 110 2117 na
125 2048 273 2145 recepit.
300 2045 382 2120 Huc
396 2045 613 2122 frumentum
639 2069 888 2146 comportare,
913 2047 1016 2120 castra
1034 2070 1111 2118 mu·
1132 2057 1163 2135 4

67 2143 162 2234 nite,
188 2145 365 2219 materiam
383 2144 540 2219 conferre
556 2146 688 2242 coepit,
712 2147 895 2245 statimque
911 2146 945 2217 in
962 2143 1114 2220 Siciliam

68 2239 190 2331 mifit,
213 2244 266 2318 uti
291 2269 338 2315 ιι
361 2243 544 2340 legiones,
577 2243 797 2344 reliquusque
822 2243 994 2343 equitatus
1015 2243 1057 2315 ad
1079 2242 1113 2316 se

64 2339 281 2417 mitteretur.
315 2340 437 2414 Castra
454 2361 550 2414 erant
565 2343 606 2414 ad
622 2340 752 2418 bellum
769 2341 966 2417 ducendum
985 2340 1111 2438 aptiffi·
1135 2345 1162 2424 5
1177 2361 1189 2373 ⁸

66 2459 147 2527 ma,
171 2462 308 2535 natura,
332 2438 448 2514 &loci
464 2439 678 2534 munitione,
700 2444 738 2518 &
753 2443 852 2515 maris
871 2439 1112 2540 propinquita-

1049 2560 1085 2613 te

63 2629 156 2691 thal&
174 2636 207 2682 Et
216 2632 319 2687 arbium
334 2639 362 2691 in
378 2638 431 2689 illis
440 2637 572 2689 conventi·
606 2640 668 2690 Non
685 2657 742 2692 raro
757 2636 841 2690 sanel
857 2637 981 2689 vetetibus
994 2595 1110 2704 praeposi!

63 2696 112 2748 bus
127 2699 384 2818 glemmffuemultos
401 2707 467 2756 cives
476 2712 574 2755 Roma·
607 2706 690 2758 tiones
707 2711 773 2759 inter
789 2704 814 2756 se
828 2718 1021 2771 componuntur.
1043 2705 1112 2765 σφιν

63 2780 113 2816 ¹¹⁰⁵
151 2764 225 2817 ²bst²
246 2772 574 2836 e,quiai11ndhon0mm
608 2771 707 2835 hujusce
727 2775 786 2826 libii
804 2787 857 2837 cap.
879 2789 920 2821 1x.
948 2778 1010 2820 Hanc
1024 2771 1112 2832 insuper

62 2834 166 2883 civitati
184 2848 241 2885 etat
258 2870 266 2894 ,
283 2838 347 2901 quod
364 2841 392 2889 in
409 2854 466 2889 cam
482 2837 498 2889 *a
513 2853 574 2904 prae-
608 2845 790 2904 consignationem.
808 2838 906 2888 vide&
923 2842 953 2886 G.
970 2837 995 2895 J.
1016 2835 1111 2895 Voffium

63 2898 180 2958 totibus,
201 2916 246 2953 aut
255 2903 313 2954 aliis
322 2904 505 2973 magistmtibus
513 2921 573 2956 con·
608 2905 639 2955 de
655 2912 731 2962 Anal.
749 2907 794 2960 lib.
815 2921 853 2956 iv.
871 2918 927 2969 cap.
936 2915 1039 2953 xxxii.
1055 2907 1109 2948 Da-

64 2980 219 3019 voeatentur
232 2983 312 3020 tonus
321 2976 453 3037 provinciae
469 2979 572 3023 senato·
607 2978 661 3024 viis.

65 3035 393 3099 12⁸‚adjurisd1stionem
427 3047 461 3090 D.
480 3042 571 3101 Voffius.
640 3057 664 3091 2.
681 3044 757 3089 Mmm
772 3050 788 3089 v
805 3037 831 3089 ὁ·
850 3051 884 3085 xx
899 3035 992 3084 millibus
1007 3035 1065 3096 longe
1079 3033 1109 3081 ab

99 3117 121 3153 1.
137 3109 177 3151 De
193 3107 302 3153 deditione
320 3123 389 3155 omnes
405 3110 482 3170 palam
498 3110 573 3171 loque·
605 3110 671 3154 Utica
688 3107 771 3168 abeffe]
788 3111 844 3153 Vox
861 3106 919 3166 lange
934 3107 988 3149 Pet..
1001 3102 1108 3175 &neonis

67 3166 159 3229 bamur]
182 3171 211 3220 in
229 3185 253 3221 v,
267 3187 288 3222 c.
306 3170 415 3228 nostro,
444 3177 528 3223 Petav.
546 3175 572 3223 dc
606 3170 732 3222 abundate
753 3170 850 3220 videtur
870 3203 878 3226 ,
901 3168 969 3228 cujus
986 3164 1107 3230 judicium

67 3233 121 3280 121.
135 3235 170 3285 est
180 3254 252 3285 omnes
260 3241 283 3284 in
289 3244 375 3302 palm.
393 3242 484 3306 Lego,
502 3257 573 3288 omnes
605 3236 701 3287 secutus
724 3238 772 3300 Μ.
788 3237 883 3296 δειίζειν
898 3270 906 3294 ,
922 3247 1002 3290 eam,
1019 3244 1109 3297 utpote

62 3299 207 3361 J'mlaelam.
245 3302 325 3356 Idem.
605 3303 760 3362 delendam,
777 3302 874 3354 uncinis
892 3301 979 3352 cinxit.
997 3299 1107 3348 Codices

104 3366 176 3429 uid]
193 3371 278 3422 codd.
298 3376 352 3435 Voff.
363 3379 443 3426 Pena.
461 3379 535 3429 Palas.
546 3378 572 3429 δι
605 3371 984 3438 autempettinacitetretinent.
1001 3381 1030 3415 ac
1040 3365 1109 3415 telle

66 3435 162 3484 Neron,
177 3434 269 3489 liabent
285 3443 407 3503 lanatum,
432 3442 497 3491 unde
514 3448 572 3491 Dio·
605 3439 716 3506 quidem.
743 3444 829 3489 Hirtius
857 3438 922 3486 Belli
947 3436 1024 3485 Alex.
1049 3447 1105 3496 cap.

63 3500 117 3557 nyfi
141 3504 218 3563 Voffms
238 3501 352 3557 cesetibit
367 3512 413 3562 iam
427 3512 511 3572 palam.
538 3515 573 3559 At
605 3522 699 3557 xxxvi.
719 3504 867 3571 eastraposuia
881 3499 1107 3575 longelNicogo-

60 3564 176 3616 illorum
201 3572 326 3623 MStotum
349 3574 487 3625 leffionem
512 3573 573 3625 fetri
606 3575 626 3622 li
640 3577 723 3621 circiter
733 3577 804 3622 millia
816 3570 917 3637 passuum
935 3584 990 3620 vu.
1008 3571 1041 3616 Et
1057 3562 1105 3642 lib.

60 3629 259 3698 postatbitios.
275 3637 572 3700 Gloss'atiumlfidori.ln-
607 3640 637 3689 de
654 3639 717 3690 Bell.
729 3638 807 3690 Afric.
827 3652 880 3702 cap.
899 3651 986 3686 ixvu.
1004 3631 1108 3711 AbeJus

45 3704 154 3763 Mam,
172 3716 251 3763 aperte.
269 3711 371 3755 Hilariiss
380 3704 496 3757 adversus
504 3713 573 3758 Con·
607 3704 691 3756 castris
707 3709 777 3755 millia
789 3706 888 3771 paffuum
908 3719 935 3752 v1
954 3704 1049 3766 longe,
1064 3711 1108 3774 tri·

59 3765 182 3819 stffllllm
197 3784 256 3838 pflg.
278 3788 333 3829 199.
355 3780 502 3838 Pugnaremm
518 3781 575 3823 enim
610 3770 1024 3838 niscastrisdispartitiscopiisconsedit.
1042 3761 1111 3811 Vide

58 3834 161 3902 &⁴1⁴⁸
177 3837 207 3897 n
224 3839 576 3909 mfididacanuaegnuo
608 3842 637 3898 δι
651 3854 706 3907 cap.
722 3839 865 3897 invitm&
879 3848 987 3904 lxxvii.
1019 3829 1090 3902 {dw-
