2616 4462
153 317 155 321 Α
223 261 304 371 'qob
448 261 1078 363 creamurscounaur.
1137 304 1184 375 '.

225 393 367 481 mnibus,
383 390 465 493 fiagae
479 394 634 486 confilium
652 399 773 491 'caperer
796 390 900 464 debere
906 397 944 488 se
953 398 1019 489 [ιιι
1025 399 1142 491 salutis
1153 393 1257 472 rdtio'i

178 499 202 589 3
225 521 294 563 nnn
309 488 422 562 hasne.
455 489 514 563 Ab
530 489 580 560 his
605 485 720 584 primo
742 487 848 562 Marfi
870 491 1041 566 diss’enrire
1061 493 1251 594 incipiunt,

192 595 195 602 '
224 614 368 686 eamque
384 587 511 685 oppidi¹
528 605 687 683 partem,
710 609 790 682 quae
812 588 1030 662 munitiffima
1047 590 1222 670 videretur
1239 639 1252 688 ,

68 705 73 711 ’
174 700 203 778 4
224 682 733 783 occupant.tantaqueinrereos'
758 696 770 732 ¹
789 684 946 759 dissensio
959 685 1109 780 exstitit,
1131 712 1252 766 urma-

222 809 308 857 num
324 780 516 868 conserere,
539 780 1147 877 arquearmisdimicareconarentur.
1172 789 1251 887 post

196 936 199 940 .
222 881 340 977 paullo
353 901 484 967 tamen,
508 876 731 950 internunciis
744 878 838 951 ultro
851 879 1009 977 citroque
1024 883 1146 974 miffis,
1169 911 1250 983 qum

172 968 200 1064 5
222 975 454 1077 ignorabant,
478 973 521 1048 de
539 974 583 1045 L.
603 974 753 1046 Domitii
768 975 850 1074 fuga
869 978 1097 1075 cognoscunt.
1128 983 1249 1081 iraque

220 1070 350 1148 omnes¹
380 1070 576 1144 no'confilio
593 1072 791 1144 Domitium
803 1074 1012 1172 produbtum
1024 1077 1059 1149 in
1069 1080 1247 1172 publicum

218 1088 502 1260 circumiisunt‚
524 1167 774 1244 &custodiunt
794 1195 804 1257 3
830 1169 1027 1268 legatosque
1045 1199 1089 1244 ex
1106 1177 1169 1250 suo
1184 1203 1249 1251 nus

218 1292 315 1339 mero
329 1268 370 1338 ad
387 1258 556 1341 Caesarem
566 1267 729 1338 mittunt:
755 1265 820 1338 sese
828 1287 959 1363 paratos
970 1267 1035 1339 ess'c
1045 1293 1158 1363 portas
1171 1300 1251 1370 ape·-

214 1365 306 1456 'rire,
331 1388 481 1462 quaeque
495 1363 711 1459 imperaverit
725 1360 852 1452 facere,
877 1365 913 1437 δι
931 1361 976 1449 L,
986 1365 1184 1438 Domitium
1196 1371 1248 1440 via

219 1486 304 1534 vum
325 1463 358 1533 in
374 1463 446 1560 ejus
456 1460 656 1560 potestatem
672 1457 853 1534 transdere.
894 1555 897 1559 ι
1061 1458 1066 1469 '

175 1572 191 1621 ¹
266 1561 374 1633 ΧΧΙ.
398 1558 538 1654 Quibus
554 1555 657 1628 rebus
672 1555 819 1654 cognitis
827 1554 963 1648 Caesar,
985 1555 1046 1633 etfi
1063 1557 1178 1657 magni
1192 1556 1245 1630 ina

216 1660 336 1732 teresse
352 1655 594 1746 arbitrabatur,
619 1652 878 1750 quamprimum
893 1654 1024 1753 oppido
1041 1655 1162 1751 potiri,
1186 1680 1246 1728 coa

215 1755 399 1846 horreique
415 1754 456 1824 ad
472 1750 504 1823 se
520 1751 555 1823 in
572 1749 674 1821 castra
692 1747 907 1825 transducere
924 1808 934 1842 ,
960 1776 1002 1824 nt
1019 1778 1086 1849 qua
1105 1774 1162 1826 aut
1180 1752 1244 1824 lara

215 1853 429 1948 gitionibus,
451 1868 508 1919 aut
524 1844 625 1917 animi
639 1843 920 1937 confirmatione,
943 1870 1002 1922 aut
1017 1849 1104 1923 falsas
1112 1850 1245 1923 nunciis

215 1946 441 2021 commutatio
457 1945 555 2018 fieret
571 1942 777 2033 voluntatis,
801 1944 895 2043 quod
909 1945 996 2042 saepe
1012 1948 1048 2020 in
1062 1947 1154 2020 bello
1164 1972 1241 2044 par·

166 2053 193 2105 2
216 2042 470 2138 visvmomenris
491 2038 605 2158 magni
622 2038 713 2112 casus
727 2040 1001 2131 intercederenr3
1023 2068 1136 2119 tamen
1155 2045 1242 2116 veri:

215 2163 298 2232 rus,
325 2168 368 2216 ne
383 2139 532 2211 militum
551 2136 694 2209 introitu
713 2194 725 2226 ,
754 2157 769 2190 2
789 2141 825 2213 ὃ(
843 2139 1004 2213 nosturni
1023 2143 1185 2241 temporis
1199 2141 1243 2213 li·

213 2240 323 2310 centia
338 2235 506 2334 oppidum
525 2234 751 2332 diriperetur,
774 2261 852 2327 eos,
876 2237 936 2334 qui
953 2263 1143 2331 venerant,
1168 2239 1242 2313 cola

212 2335 348 2421 laudat,
370 2354 473 2427 arque
488 2332 698 2430 inoppidum
714 2332 878 2420 dimittit,
900 2357 1034 2432 portas,
1058 2339 1243 2434 murosque

55 2463 76 2502 ·.
167 2441 189 2523 3
213 2429 482 2526 aflervarijuber.
508 2428 582 2526 Ipse
597 2429 636 2502 iis
654 2430 842 2522 operibus,
866 2455 945 2528 quae
961 2431 1072 2509 facere
1088 2433 1242 2509 institue⁵

213 2554 282 2614 rar,
307 2529 432 2601 milites
447 2526 619 2625 disponit,
643 2551 713 2598 non
725 2529 828 2601 certis
843 2526 954 2623 spatiis
973 2530 1185 2623 intermiffis,
1202 2552 1242 2606 ut

211 2649 282 2699 erar
299 2626 510 2724 superiorum
526 2624 656 2696 dierum
671 2624 907 2704 consuetudo,
931 2626 985 2698 sed
1005 2630 1177 2724 perpetuis
1190 2629 1241 2702 vi.

213 2725 325 2824 giliis,
348 2714 618 2818 stationibusque
636 2777 647 2809 ‚
671 2741 712 2793 ut
730 2723 933 2818 contingant
949 2724 1038 2797 inter
1055 2726 1114 2809 se,
1138 2747 1241 2822 arque

163 2835 190 2912 4
212 2845 350 2895 omnem
362 2820 589 2893 munitionem
605 2818 784 2914 expleant:
810 2821 967 2893 tribunos
983 2822 1055 2894 mil.
1072 2825 1109 2898 &
1120 2821 1242 2922 praesee

212 2920 287 2993 dios
302 2914 540 2993 circummittit
555 2942 564 3004 3
588 2933 692 3010 arque
708 2917 886 3007 hortatur,
911 2918 1100 2993 nonsolum
1111 2921 1154 2993 ab
1164 2945 1242 2993 eru·

211 3018 389 3118 prionibus
404 3033 563 3103 caveanr3
589 3012 750 3118 sedetiam
760 3013 975 3116 singulorum
992 3018 1173 3092 hominum
1182 3044 1243 3091 oc·¹
1293 3069 1296 3075 -

1166 3116 1242 3189 cul·

103 3208 106 3213 ⁴
211 3250 215 3263 .
245 3237 268 3272 1,
285 3223 389 3284 Drffenfio
403 3221 506 3281 exstitit,
521 3236 548 3270 ur
561 3235 623 3260 -ι
640 3226 706 3273 armis
739 3224 831 3273 Naevia·
858 3223 901 3287 qui
923 3227 948 3274 &
963 3224 1027 3275 hanc
1049 3219 1240 3292 &sequentem

211 3288 313 3336 dimicare
327 3294 461 3345 conarentur]
480 3293 540 3337 Non
550 3287 636 3338 dubito
646 3292 708 3355 quin
740 3285 838 3352 ptorsus
854 3290 959 3341 omittit.
979 3295 1097 3355 conjecit
1113 3298 1159 3341 Per.
1180 3297 1240 3340 ciac-

211 3368 268 3402 cum
286 3358 338 3403 MS.
356 3357 446 3401 Nonis.
464 3354 600 3419 legendum
614 3353 709 3416 sirDif-
741 3358 812 3400 conius
837 3354 970 3421 legendum
981 3364 1008 3423 ¹in
1032 3362 1130 3406 nouom·
1143 3363 1241 3420 temporis

205 3421 275 3480 sensio
287 3420 372 3478 existit,
388 3435 412 3467 ut
426 3440 470 3457 —
485 3426 549 3466 armis
567 3422 668 3467 dimicare
675 3439 710 3466 co·
742 3423 844 3477 licentia5
862 3419 925 3469 mihi
942 3457 949 3479 ,
966 3426 1063 3473 minore
1081 3425 1241 3482 mutationes

208 3499 304 3533 untur:
321 3483 397 3532 verba
416 3489 485 3535 enim
500 3491 554 3533 r'am
569 3501 621 3549 quae
638 3498 709 3534 ante·
741 3483 897 3545 scrabendum
919 3490 1002 3552 placer
1027 3509 1053 3536 ex
1074 3494 1173 3538 nodurm'
1187 3486 1257 3537 rem-'

208 3549 319 3605 cedunt,
336 3565 412 3614 quam
428 3567 480 3616 qun
489 3549 622 3615 sequuntur
631 3567 708 3615 ,ptae-
738 3554 797 3614 poris
810 3557 901 3603 licentia.
920 3559 961 3602 Hae
980 3568 1045 3604 certe
1055 3572 1129 3604 voces
1139 3571 1192 3605 non
1199 3570 1240 3604 ta-

207 3611 285 3664 sentis
303 3611 356 3664 sunt
371 3618 501 3681 temporis.
535 3620 628 3664 Davies.
740 3631 770 3665 ro
785 3616 986 3678 confunduntu13
1003 3636 1034 3669 ex
1050 3618 1104 3685 ipso
1120 3623 1198 3684 casare
1214 3634 1242 3669 aa

243 3697 266 3731 2.
288 3686 317 3728 Et
328 3685 424 3728 noburm'
441 3686 538 3746 remporis
555 3684 648 3740 licentia]
661 3679 709 3728 Os·
740 3682 796 3731 liud
817 3685 962 3750 exemplum
980 3686 1063 3735 ridete
1082 3685 1116 3736 est
1135 3701 1190 3736 not.
1209 3686 1242 3738 ad

205 3745 289 3797 fundit
298 3760 340 3795 me
348 3747 526 3810 primavocula
536 3765 543 3802 ς
554 3758 707 3795 tamencum
741 3746 786 3811 lib,
797 3765 852 3806 111·
862 3754 889 3805 B.
900 3754 931 3804 C.
949 3765 1004 3821 cap.
1014 3767 1088 3808 atrax.
1122 3754 1194 3807 Idem.-

194 3806 383 3880 ,representem
406 3826 495 3868 onmes
526 3815 594 3870 MSS.
619 3824 708 3880 preter·
767 3813 776 3823 '
