2616 4462
392 290 846 364 Fnecntnnm
1049 288 1151 402 3η

112 412 209 515 [iad
219 417 461 503 exercitumfine
472 413 575 497 duee,
593 431 641 486 (9⁹
658 413 731 483 inde
745 413 902 508 reversum
909 408 954 490 λλ
971 411 1080 488 ducem
1086 423 1154 515 fine
1206 498 1209 502 ,

123 522 267 589 exercitu.
316 511 503 586 Suetonius
519 518 552 581 in
577 512 691 604 Cesare
705 534 770 611 cup.
786 533 922 588 xxxiv.
1133 520 1135 529 '

155 604 350 710 'Ptolapsus
364 608 401 681 in
414 607 546 709 egrelsu
562 608 677 697 navis,
703 606 799 681 verso
814 610 854 679 ad
873 609 994 685 melius
1010 611 1151 705 omine,

117 711 218 782 Teneo
236 734 291 800 tt,
315 706 447 805 inquit,
460 709 588 801 Africa.
613 707 838 781 Suetoniusin
852 708 965 802 Cesare
980 731 1050 810 cap.
1062 733 1150 786 le.

165 807 291 903 Quum
314 803 520 902 exspe&atio
544 805 712 877 adventus
734 806 834 898 Jubae
858 804 1019 880 terribilis
1041 807 1152 901 esset,

115 903 315 979 convocatis
339 903 389 986 ad,
404 901 607 975 concionem
632 901 822 986 militibus,
846 909 980 994 Scitote,
1014 906 1152 1002 inquit,
1230 966 1234 979 .

112 1003 295 1105 paucissimis
316 1002 363 1070 his
385 999 492 1071 diebus
516 1006 634 1099 Regem
649 997 818 1092 affuturum
839 1026 907 1070 cum
921 1023 946 1074 x
961 1003 1151 1102 legionibus,

116 1105 252 1196 equitum
274 1122 366 1181 xxx,
392 1100 470 1168 levis
487 1106 650 1167 armature
665 1120 689 1169 c
705 1097 860 1188 millibus,
885 1099 1049 1200 elephantis
1066 1125 1150 1180 cce.

117 1196 254 1266 Proinde
278 1197 417 1286 destnam
440 1193 568 1290 quidam
612 1198 830 1286 uerertultra,
854 1219 911 1265 aut
925 1201 1068 1294 opinarit
1089 1205 1152 1270 mi·

118 1294 234 1390 hique,
258 1300 313 1388 qui
327 1314 513 1394 compertum
540 1220 657 1383 haita,
673 1291 823 1362 'medante
847 1315 901 1362 aut
917 1295 1041 1388 quidem
1056 1318 1151 1368 uetu-

107 1391 239 1482 fh'ffima
251 1417 330 1461 naue
344 1391 511 1486 impofitos,
533 1414 706 1487 quocunque
722 1393 861 1461 venitin
875 1392 1074 1488 quascunque
1088 1417 1151 1466 ter·

120 1487 293 1679 ratpubeba
309 1489 411 1558 auehi.
434 1491 591 1556 Suetonius
609 1491 643 1554 in
663 1487 789 1580 Gustare.
813 1509 888 1584 cap.
904 1511 1017 1563 val.

186 1583 296 1661 abbate
312 1583 450 1672 solima,
470 1587 599 1653 Milites
603 1585 677 1673 fitur
690 1590 787 1652 etiam
796 1609 995 1682 unguentatos
1009 1583 1084 1659 bene
1091 1611 1152 1690 pu·
1173 1660 1175 1664 ,

114 1711 213 1782 gnare
221 1688 319 1783 poffe:
345 1707 408 1757 nec
425 1684 553 1751 Milites
569 1702 627 1752 eos
645 1703 709 1773 pro
720 1680 907 1771 concione,
928 1681 984 1755 sed
996 1682 1153 1761 blandio-

119 1779 148 1851 ri
170 1782 312 1853 nomine
325 1782 551 1850 commilitones
564 1775 765 1877 appellabat.
791 1778 977 1853 Suetonius
990 1787 1024 1852 in
1041 1789 1152 1876 Cesore

118 1899 186 1978 cap.
207 1901 340 1950 nxvrr.
738 1922 741 1927 >

165 1973 344 2071 Quosdam
355 1972 466 2047 infimi
480 1971 613 2072 generis
628 1969 668 2044 nd
685 1970 905 2072 amplissimos
914 1972 1061 2049 honores
1070 1999 1153 2071 pro·
1218 1995 1220 2001 ·

116 2074 225 2146 vexit.
275 2072 399 2169 Quum
416 2071 464 2144 ob
478 2072 512 2143 id
528 2070 747 2169 culparetur,
769 2069 935 2170 profeffus
951 2071 1001 2144 est
1018 2072 1151 2170 palam,

106 2175 146 2261 fi
151 2175 359 2268 grassatorum
377 2174 612 2258 &ficariorum
623 2191 673 2270 ope
689 2175 722 2236 in
740 2168 849 2239 tuenda
857 2169 919 2262 sua
937 2170 1095 2268 *dignitate
1112 2199 1150 2240 u·
1238 2212 1241 2217 ·

110 2269 167 2362 fhs
185 2269 270 2361 efflet,
293 2265 408 2337 talibus
424 2293 536 2364 quoque
547 2268 583 2361 se
592 2288 699 2367 parem
712 2272 851 2362 gratiam
864 2268 1040 2337 relaturum.
1064 2271 1150 2343 Sue·

119 2366 234 2438 tonius
250 2373 283 2435 in
301 2367 414 2459 cesare
429 2387 494 2466 cap.
509 2387 646 2436 nxx11.
947 2420 950 2424 .
1090 2415 1092 2422 ·

167 2462 401 2561 Interrogatus
418 2486 480 2536 cut
491 2457 868 2558 repudialietuxorem,
892 2459 1081 2556 Quoniam,
1096 2461 1150 2534 in.

122 2559 220 2655 quit,
246 2586 326 2629 meos
341 2583 410 2629 tam
417 2561 602 2661 suspicione,
626 2583 721 2655 qnam
737 2559 985 2660 criminejudict
999 2586 1151 2631 careret·

112 2678 247 2758 porteto.
276 2657 462 2729 Suetonius
479 2664 512 2727 in
532 2657 647 2750 Castro
663 2676 733 2756 cup.
751 2678 886 2728 cxxiv.

169 2751 255 2825 Acie
278 2751 463 2826 Pharsalica
480 2750 729 2849 proclamavit,
752 2759 803 2823 vt
822 2751 941 2822 civibus
957 2775 1148 2852 parceretur.

117 2850 304 2924 Suetonius
322 2856 356 2918 iu
373 2855 556 2951 Cesarecop.
571 2872 683 2924 nxxv.
707 2848 789 2920 Vide
805 2847 1005 2932 &Florum
1021 2847 1077 2924 lib.
1090 2871 1147 2925 tt.

115 2970 387 3055 etp.1r,50.·
546 2976 549 2980 ·

122 3085 125 3089 -
164 3045 246 3119 Nec
263 3046 404 3118 minoris
419 3039 631 3140 impotentiae
647 3067 748 3116 votes
761 3039 936 3140 propalam
951 3041 1093 3134 edebat,
1107 3060 1149 3120 ut
1259 3107 1261 3111 .

117 3138 168 3214 Τ.
189 3143 338 3243 Ampius
354 3139 469 3214 scribit
486 3169 496 3212 t
521 3141 619 3211 Nihil
633 3142 685 3234 effe
700 3139 948 3241 Rempublicam,
971 3143 1149 3241 appellatio.

117 3264 188 3306 nem
205 3244 292 3312 medo
311 3300 322 3332 ,
340 3244 408 3336 fine
427 3259 578 3338 corpore,
602 3237 758 3338 atspttct‘t.
788 3241 912 3306 Sullam
927 3237 1047 3330 nesciffe
1064 3242 1151 3309 litte·

117 3361 185 3418 rut,
207 3345 259 3432 qui
276 3342 474 3408 Diliaturam
487 3334 663 3437 deposuerit.
687 3334 811 3404 Debere
826 3333 959 3403 homines
974 3335 1149 3432 consideras

119 3438 179 3501 tius
186 3438 259 3532 jam
273 3439 356 3529 loqui
362 3437 466 3530 secum
477 3489 489 3526 ,
500 3455 593 3532 acpro
610 3430 724 3532 legibus
738 3429 850 3501 habere
862 3453 924 3525 qua
936 3430 1037 3508 ditat.
1060 3434 1148 3509 Suce

117 3533 235 3604 tonius
251 3537 284 3601 in
300 3532 410 3624 cesare
424 3554 617 3633 ctp.txxv1
630 3553 659 3601 ι.

163 3629 290 3723 quue
305 3629 506 3727 arrogantiae
519 3625 714 3730 progrtlsus
730 3626 803 3719 est,
826 3646 866 3702 ut
882 3623 1147 3725 Haruspicetri-

114 3722 197 3824 uia,
218 3725 257 3825 bt
276 3722 346 3826 line
364 3727 468 3826 corde
483 3745 561 3805 exta
574 3730 674 3833 lacto
708 3725 834 3801 nodam
853 3726 1058 3831 nunciante,
1081 3729 1149 3794 Pu-

733 3845 827 3929 “74
1075 3840 1150 3898 ‘m
