2594 4462
208 267 288 363 '830
477 260 1008 342 Noutucnanon

207 388 325 456 tiorum
342 382 353 458 3
372 384 478 448 Diem
493 382 635 470 Daulfini.
655 380 735 447 item
750 379 848 447 Vafio
861 382 1110 456 Vocontiorum
1130 388 1146 467 3
1165 398 1257 491 rats..

204 498 243 539 au
259 476 359 534 cinnat
374 469 408 534 de
427 466 544 551 Venisse.
1107 512 1110 517 -

244 555 395 639 Vogesus.
419 551 513 618 Mons
521 552 553 616 in
569 548 679 614 finibus
687 548 881 635 Lingonum,
903 552 986 621 unde
1003 555 1107 625 Mosa
1118 566 1257 651 profluit,

204 646 291 710 Mnnt
308 638 341 701 de
356 640 487 703 faucillcs
500 635 615 700 dicitur
632 636 762 701 Vincto.
832 691 838 705 .

246 725 372 790 Volcae.
394 722 465 787 vide
482 720 676 786 Arecomici.

242 807 398 895 Ufipetes.
421 806 598 872 Germaniae
615 805 743 891 populi,
764 825 840 892 quos
849 806 1043 876 Plutarchus
1058 811 1094 876 in
1110 811 1178 880 vita
1187 817 1254 900 Julii

199 892 336 977 Hufipas
352 912 458 959 vocat.
480 890 667 956 Rhellicano
681 892 750 955 sunt
764 892 844 956 intra
859 891 1009 960 Rhenum
1031 902 1069 964 &
1088 901 1256 972 montesin

82 990 102 1065 ᾗ
198 980 311 1048 llaffia
330 1025 340 1053 ,
361 980 394 1043 in
409 998 448 1042 eo
463 977 538 1042 loco
576 975 750 1062 uiHocbrug
765 995 806 1061 ap
830 976 951 1044 ellatur.
993 980 1072 1048 Ho‘s
1091 983 1254 1066 Ufipetes,

138 1117 144 1130 .
226 1085 294 1129 utat
310 996 696 1158 Willichiuseosdemtffe
718 1080 789 1124 cnm
806 997 926 1150 [lsapiis
941 1063 1059 1131 Taciti
1078 1072 1118 1135 &
1138 1071 1258 1158 Vaspiia

200 1085 387 1229 f'tolemai3
410 1149 485 1213 item
502 1144 691 1231 Systpetibus
712 1147 742 1208 Α
769 1144 864 1231 piani.
889 1147 997 1233 Usipii
1015 1159 1176 1222 tamen&
1192 1156 1255 1224 Uli.

201 1253 288 1321 petes
304 1237 369 1298 sunt
386 1232 468 1317 apud
478 1232 628 1298 Tacitum
643 1229 752 1295 diveat
768 1231 889 1316 populi.
911 1235 1024 1319 Nusipi
1041 1239 1120 1303 sunt
1135 1237 1255 1309 Strabo

201 1321 256 1393 ni,
278 1341 312 1383 ut
329 1321 429 1383 censet
451 1317 494 1382 H.
512 1317 618 1402 Junius
633 1315 666 1379 in
684 1318 735 1381 sua
753 1314 900 1392 Bataua,
925 1319 978 1384 ubi
986 1341 1043 1385 eos
1059 1325 1199 1410 Zutpben
1207 1327 1253 1394 ho.

201 1405 254 1468 die
271 1406 376 1466 vocari
395 1447 405 1476 ‚
430 1401 503 1487 quid
528 1400 580 1466 uid
595 1400 649 1464 alii
664 1399 798 1475 dicant,
820 1402 978 1475 adfirmat.
1011 1405 1142 1494 Vispos
1158 1411 1253 1481 Ptole.

122 1472 132 1493 ‘
200 1491 273 1556 mati
292 1490 372 1552 alios
388 1487 444 1550 elle
459 1422 583 1562 abdtis,
602 1485 716 1552 docent
730 1484 793 1568 ejus
812 1486 935 1582 tabulae.
1243 1512 1247 1523 ·

190 1646 194 1658 ¹
242 1572 394 1644 Vahalis.
409 1573 466 1637 five
483 1571 595 1637 Walis.
618 1571 808 1637 Batavorum
827 1572 964 1651 fluvius,
984 1593 1040 1640 aut
1060 1579 1176 1662 potius
1191 1603 1251 1668 pars

196 1654 313 1722 Rheni.
338 1660 418 1723 Wael
430 1655 519 1723 hodie
535 1657 657 1727 dicitur.
679 1655 812 1722 Tacitus
832 1657 977 1725 Nabaliae
995 1660 1149 1730 fluminis
1165 1669 1249 1738 etiam

197 1742 353 1810 meminit.
378 1741 443 1815 sed,
466 1743 619 1817 Vahalis,
637 1740 683 1805 ibi
700 1762 819 1827 quoque
836 1743 948 1829 legunt.

244 1826 478 1894 Uxellodunum
492 1829 524 1892 in
538 1825 649 1892 finibus
669 1827 887 1892 Cadurcorum
905 1830 1018 1914 primoe
1043 1831 1248 1920 Aquitania.

196 1913 512 2064 intumult
532 1910 1248 2084 illineillumillum*”nli

198 2082 406 2151 Uxelloduni.
431 2084 490 2161 ¹lbi
508 2083 681 2172 quotidiee
704 2082 848 2148 odiuntur
870 2041 1112 2154 multi’numm'i
1131 2035 1246 2164 veteru?

196 2169 339 2255 quadam
356 2171 453 2234 etiam
470 2189 669 2246 monumenta
685 2167 864 2236 venerandae
879 2168 1044 2236 vetustatis
1063 2194 1188 2247 extant.
1206 2182 1245 2251 Si.

195 2272 266 2319 tum
282 2254 323 2319 est
339 2255 372 2318 in
388 2256 548 2322 territorio
564 2253 674 2342 oppidi
691 2254 843 2320 Mattelli.
882 2254 966 2320 Fons
994 2257 1103 2324 etiam
1120 2266 1198 2343 ille,
1216 2268 1244 2335 dt

195 2359 260 2490 apo
275 2341 393 2404 mentio
413 2342 448 2406 fit
463 2342 495 2406 in
512 2342 575 2429 ejus
591 2341 826 2428 oppugnatione
843 2339 1096 2410 Commentario
1115 2371 1244 2430 vinno.

239 2424 375 2505 aditura
391 2427 526 2503 rusticis,
546 2428 617 2516 qui.
639 2427 751 2493 mirum
765 2425 868 2500 didlu,
890 2446 945 2510 per
959 2448 1079 2495 manus
1099 2437 1242 2504 traditum

196 2507 217 2573 d
231 2509 400 2592 majoribus
414 2511 544 2587 habent,
569 2510 831 2579 Uxellodunumal
846 2511 967 2578 Caelare
983 2512 1145 2586 obseffum
1158 2529 1192 2591 &
1201 2527 1242 2590 vix

194 2595 321 2661 tandem
336 2618 544 2696 expugnatum
556 2597 652 2662 fuine.
679 2597 916 2676 Ridiculisunt,
936 2598 992 2687 qui
1006 2604 1146 2674 cadem
1160 2610 1241 2679 into.

156 2770 160 2778 Ι
194 2700 367 2772 patiantur.
390 2683 473 2754 Vnde
488 2683 673 2754 Diuanium.
1234 2691 1241 2698 ‘
