2616 4462
221 244 299 342 580‘
434 232 482 314 C.
504 236 535 336 J.
557 237 784 352 Ciriiiti‘e
814 241 1071 318 Couuturr
1194 317 1196 320 ,

223 355 296 440 sus,
314 353 474 430 sustinere
482 355 667 449 auderent,
691 381 803 455 neque
812 383 1019 459 magnopere
1035 378 1157 453 eorum
1165 353 1264 457 'tnui‘-

224 454 376 528 titudine
394 473 614 530 terrerentur.
645 479 795 552 namque
811 457 909 528 etiam
929 481 988 553 per
1005 480 1063 528 eos
1077 456 1147 528 dies
1165 479 1260 552 pror·
1301 496 1304 505 <

223 549 311 624 lium
326 549 513 625 secundum
522 551 678 651 equestre
694 551 791 638 fecit,
820 571 831 604 ¹
850 573 953 650 atque
970 577 1079 625 unum
1090 552 1259 626 Allobro·
1280 565 1298 639 ᾖ

114 680 153 765 ᾗ
223 671 304 748 gem
323 672 366 719 ex
386 648 545 740 duobus,
570 674 657 747 quos
675 647 860 749 perfugiss'e
875 652 916 722 ad
935 653 1142 748 Pompeium
1161 649 1262 748 supra
1299 722 1304 735 ,

223 744 432 834 docuimus,
460 771 539 820 cum
552 746 753 845 quibusdam
771 747 953 821 interfecit.
1294 744 1304 797 ·¹=

179 876 195 923 1
266 841 474 917 LXXXV.
500 844 707 943 Pompejus,
730 846 810 942 quia
825 843 928 917 castra
939 843 975 916 in
992 842 1082 918 colle
1094 843 1260 932 habebam

198 1012 201 1020 ,
221 938 263 1012 ad
288 939 424 1013 infimas
448 941 575 1014 radices
594 941 721 1014 montis
744 942 850 1014 aciem
870 940 1080 1025 instruebat,
1104 940 1260 1039 semper,

221 1057 263 1109 ut
281 1036 461 1111 videbatur
474 1089 494 1120 ,-
510 1034 683 1135 spudium,
710 1036 734 1111 sr
753 1037 878 1136 iniquis
894 1039 978 1112 locis
997 1037 1113 1112 Caesar
1128 1032 1165 1112 'se
1178 1039 1260 1112 sub·

175 1168 199 1220 2
219 1133 350 1230 jiceret.
372 1132 486 1206 Caesar
494 1135 589 1208 nulla
604 1135 734 1209 ratione
742 1136 783 1208 ad
797 1158 947 1233 pugnam
962 1134 1039 1208 elici
1049 1134 1142 1232 posse
1151 1137 1259 1210 Pom·
1283 1228 1286 1233 .

170 1234 172 1240 ’
224 1231 341 1328 pejum
359 1229 576 1323 existimans,
600 1230 686 1306 hanc
702 1230 765 1304 sibi
777 1230 1091 1305 commodissimam
1106 1229 1190 1305 belli
1208 1257 1259 1306 ra·

220 1327 353 1401 tionem
364 1327 553 1425 judicavit,
577 1328 630 1401 uti
646 1327 749 1403 castra
764 1353 808 1402 ex
825 1354 868 1404 eo
886 1329 964 1403 loco
978 1349 1153 1417 moveret,
1172 1327 1258 1405 sem-

221 1446 352 1522 perque
364 1425 447 1500 efl'et
469 1425 504 1499 in
516 1424 713 1500 itineribus.
740 1426 807 1501 hoc
824 1424 978 1524 sperans,
997 1447 1058 1515 ut,
1074 1426 1258 1503 movendis

221 1520 361 1613 castris,
384 1521 610 1622 pluribusque
620 1523 790 1597 adeundis
809 1524 914 1613 locis,
936 1523 1176 1598 commodiore
1186 1522 1260 1599 frti·

171 1694 174 1701 ,
219 1619 384 1692 mentaria
400 1644 436 1693 re
453 1633 629 1709 uteretur;
652 1620 845 1720 simulque,
870 1621 906 1695 in
920 1620 1041 1695 itinere
1056 1640 1096 1693 ut
1107 1620 1258 1719 aliquam

220 1715 434 1792 occasionem
459 1718 642 1792 dimicandi
667 1718 940 1804 nancisceretur,
966 1721 1003 1794 ὃ(
1021 1717 1199 1792 insolitum
1215 1720 1259 1794 ad

179 1904 182 1909 ,
220 1811 373 1886 laborem
391 1815 549 1913 Pompeji
568 1815 759 1891 exercitum
777 1816 984 1915 quotidianis
1000 1814 1181 1889 itineribus
1199 1816 1259 1893 de·

165 1930 198 2021 ⁸3
220 1906 390 2010 fatigaret.
416 1911 485 1985 His
502 1911 696 2000 constitutis
713 1911 844 2004 rebus,
869 1913 967 2013 [igno
977 1914 1046 2012 jam
1069 1909 1260 2010 profedio·

219 2006 271 2081 nis
291 2011 401 2098 dato,
432 2027 447 2060 2
466 2007 757 2108 tabernaculisque
778 2011 951 2102 detensis,
983 2009 1260 2096 animadversum

216 2103 268 2178 est
287 2163 297 2195 ‚
322 2105 440 2204 paullo
457 2127 535 2180 ante
556 2165 568 2197 ,
591 2126 686 2180 extra
704 2106 1262 2200 quotidianamconsuetudinem,

218 2200 358 2311 longius
375 2203 496 2277 rivallo
512 2203 578 2279 effe
592 2203 697 2276 aciem
706 2205 862 2302 Pompeji
878 2203 1106 2304 progreffam‚
1132 2224 1260 2281 utnon

167 2318 197 2414 '4
221 2324 343 2396 iniquo
362 2301 442 2375 loco
466 2301 560 2399 poffe
578 2300 730 2373 dimicari
750 2302 936 2376 videretur.
968 2302 1075 2376 Tunc
1092 2299 1214 2376 Caesar
1229 2329 1262 2379 a·

218 2397 291 2492 pud
309 2397 411 2486 suos,
435 2423 544 2496 quum
554 2398 625 2496 jam
642 2398 723 2472 ess'et
736 2421 860 2496 agmen
878 2399 913 2472 in
930 2403 1041 2497 portis
1058 2455 1069 2488 ,
1094 2397 1260 2491 Differen-

217 2493 294 2563 dum
309 2497 372 2587 est,
403 2494 535 2593 inquit,
559 2502 616 2567 iter
630 2503 662 2566 in
672 2498 828 2596 prasentia
843 2495 947 2585 nobis,
972 2488 1020 2572 'cy‘
1037 2497 1076 2566 de
1085 2499 1195 2592 proelio
1211 2525 1259 2570 co.-

106 2602 109 2611 ‘
213 2583 394 2690 girardum,
409 2598 496 2682 ficut
498 2598 622 2693 semper
630 2593 864 2693 depoposcimus:
889 2601 989 2663 animo
1001 2592 1146 2688 fimusad
1160 2593 1259 2665 dimi·

219 2690 355 2757 candum
374 2699 507 2792 parati:
529 2717 588 2758 nora
606 2692 705 2783 facile
735 2693 913 2785 occastonem
938 2689 1038 2791 postea
1062 2697 1258 2779 reperiemus.

217 2784 471 2885 confestimque
489 2785 661 2884 expeditas
680 2785 792 2885 copias
806 2785 935 2860 educit.
1032 2783 1256 2865 LXXXVI.
1291 2802 1304 2842 ’ὲ

253 2953 276 2988 r.
296 2945 450 3005 Arqueunam
460 2939 617 3001 Allobrogem]
634 2940 717 2989 Pettv.
744 2937 791 2996 fias
806 2934 837 2985 de
856 2934 1000 2988 Constat&
1014 2948 1069 3002 cap.
1087 2949 1111 2984 x.
1129 2946 1193 3000 pag.
1214 2937 1253 3000 410'
1285 2965 1296 2971 -

215 3009 289 3068 Egum
300 3010 450 3070 Allobrogem.
484 3009 516 3053 D.
528 3000 635 3053 VoffiuS.
748 3005 845 3052 Davies.

250 3073 317 3130 trid]
340 3077 408 3121 Mss.
424 3076 504 3120 Petav.
523 3073 549 3120 δι
566 3072 655 3117 Narvir.
674 3083 718 3117 ex·
783 3085 807 3118 2.
823 3067 1013 3132 Tabernacuiifqate
1027 3065 1139 3124 detensis]
1156 3067 1248 3118 Pal.&
1290 3102 1304 3132 A

215 3133 306 3186 hibent
323 3142 414 3200 ‹AEgum
430 3132 605 3199 Allobrogemex
619 3136 717 3212 duvbfm
749 3138 830 3199 Bong.
847 3134 1028 3197 tabernaculisque
1050 3130 1145 3188 inrenfis.
1171 3133 1247 3183 Male

136 3226 139 3231 ⁴
217 3215 247 3249 ac
263 3201 311 3251 hoc
355 3202 439 3251 uidem
460 3203 564 3251 nomine
585 3197 717 3264 infignrtus
750 3202 843 3248 Tendere
856 3200 1011 3254 tabernacula,
1028 3195 1063 3245 est
1082 3200 1170 3256 erigere.
1190 3197 1247 3248 unda
1283 3186 1304 3229 ¹

215 3217 535 3333 eratAllobrogumunus,
553 3266 718 3330 quiadPonr-
748 3266 860 3314 tentoria
884 3300 892 3325 ,
916 3276 942 3312 ttt
970 3266 1047 3312 Maro
1070 3276 1077 3308 t
1104 3266 1158 3310 AEn.
1182 3276 1246 3321 vnn
1276 3261 1304 3352 Ι

213 3334 300 3398 prium
316 3332 455 3399 perfugere.
475 3332 526 3382 Adi
543 3329 641 3392 hujusce
660 3330 717 3380 libri
751 3340 809 3388 605.

212 3414 270 3463 cap.
289 3413 378 3449 txxrrt.
396 3405 436 3448 lta
450 3400 528 3464 igitur
545 3396 718 3462 reponendum
782 3394 1189 3460 ..omntslegioteataebarinarvis.

212 3463 322 3513 arbitror
331 3483 339 3521 3
355 3480 408 3513 non
425 3467 493 3514 enim
509 3478 604 3513 temere
627 3462 673 3522 fit,
690 3477 717 3512 ut
748 3459 1066 3528 Detendereestoppofittuu.
1083 3457 1183 3508 Livius:
1193 3469 1219 3510 N
1288 3515 1293 3520 ,

212 3527 322 3596 Libratii
339 3531 445 3580 nomina
455 3533 557 3595 proptia
566 3532 593 3578 in
611 3543 717 3580 conterr·
748 3533 784 3577 rici
800 3531 936 3577 tabernacula
950 3528 1076 3576 dnaendunra
1090 3522 1173 3572 Adde·
1184 3541 1232 3591 quo
1285 3530 1304 3580 9

212 3609 269 3644 rum
285 3593 430 3646 intruserint
449 3613 457 3652 ;
473 3612 534 3662 quin
558 3597 643 3661 potius
666 3611 719 3653 ea,
748 3588 1245 3658 Tabernatnlanunquamquisquamio·
1274 3581 1304 3646 s]

207 3676 300 3726 utpote
315 3663 410 3711 rariora
428 3698 436 3721 ,
457 3676 617 3728 corruperunt
634 3675 714 3711 muta·
748 3660 820 3712 cendi
836 3659 919 3720 dixit,
935 3657 979 3709 sed
993 3658 1101 3724 tuguria.
1128 3658 1196 3720 Qria
1212 3656 1245 3708 t‘
1275 3649 1304 3700 Φ

210 3741 326 3792 runtque.
358 3733 454 3785 Vocem
478 3731 626 3794 partitivum
649 3744 716 3777 unum
747 3725 883 3777 bernatula
900 3739 931 3776 ert
948 3723 1075 3790 pellibus,
1092 3723 1181 3773 illaerr
1239 3769 1245 3779 ,

205 3790 334 3865 anianum
357 3791 427 3864 901st
447 3793 548 3871 docebit
567 3798 597 3867 6,.
615 3795 645 3872 Jq
662 3794 715 3868 Vos·
748 3789 1017 3876 uiributfitttiolita.
1048 3782 1201 3862 dannan
1231 3784 1241 3843 'i
1289 3846 1304 3878 ,1
