2616 4462
298 272 358 324 nn
381 250 541 327 Benno
566 250 837 328 Arntcnno.
1024 259 1105 360 6¹97

17 391 20 399 ·
74 362 176 456 riter,
199 365 374 441 Numidas
387 370 497 441 adorti
510 368 633 466 partim
646 368 1110 465 vivoscapiunt,nonnullos
1151 413 1154 417 ·

75 464 741 565 equitesfugientesconvulneraverunt,
753 463 1109 561 locoquesuntpotiti.

76 559 262 658 Postquam
280 562 315 634 id
334 562 508 635 Labienus
525 561 788 650 animadvertit,
814 585 886 658 quo
905 561 1047 649 celerius
1068 566 1108 637 iis
1133 587 1158 663 4

74 657 362 733 auxiliumfertet
380 716 390 751 ,
414 684 457 732 ex
479 660 550 734 acie
568 656 732 732 instrusta
746 660 917 754 equitatus
934 658 983 731 sui
1000 685 1108 757 prope

72 774 188 829 totum
209 756 368 829 dextrum
389 781 499 829 cornu
516 755 640 830 avertit
660 814 670 847 ‚
693 777 796 850 atque
815 754 880 827 suis
896 754 1111 855 fugientibus

71 849 241 949 suppetias
261 853 309 925 ire
325 853 514 926 contendit.
554 855 663 944 Quod
684 851 743 924 ubi
769 848 883 924 Caesar
904 853 1109 951 conspexit,
1134 872 1158 950 5

72 947 270 1024 Labienum
297 966 308 1003 1
328 950 370 1022 ab
389 950 456 1022 suis
471 950 579 1048 copiis
595 949 736 1048 longius
752 946 955 1038 absceffiffe3
977 954 1110 1048 equita-

73 1065 130 1213 tsus
148 1045 198 1121 sui
216 1047 302 1123 alant
321 1047 486 1121 finistram
504 1049 546 1121 ad
563 1045 844 1131 intercludendos
866 1046 979 1122 hostes
995 1049 1111 1143 immi·

88 1164 127 1215 it.

119 1238 206 1312 XL.
233 1240 318 1315 Erat
332 1235 368 1314 in
382 1268 424 1317 eo
439 1267 585 1342 campo,
609 1239 671 1314 ubi
684 1265 722 1314 ea
737 1264 789 1314 res
830 1241 1010 1335 erebatur‚
1028 1242 1109 1318 villa
1139 1273 1154 1322 1

74 1360 259 1436 permagna
280 1364 321 1411 ιν
338 1337 694 1428 turribusexsttusla,
710 1363 791 1437 quae
842 1339 954 1413 abieni
972 1341 1110 1439 prospe·

75 1433 171 1507 &um
189 1436 394 1533 impediebat
413 1496 424 1527 ,
447 1463 490 1512 ne
505 1438 614 1536 pollet
630 1437 899 1509 animadvertere
915 1437 1108 1535 abequita-

74 1530 266 1607 tu-Caesatis
282 1532 517 1608 seintercludi.
542 1536 662 1631 Itaque
680 1558 751 1606 non
766 1533 861 1632 ptius
877 1533 965 1608 vidit
980 1556 1108 1612 turmas
1131 1565 1155 1615 2

71 1628 242 1722 Julianus,
265 1656 368 1729 quam
380 1632 457 1706 suos
472 1632 556 1706 caedi
573 1631 703 1730 atergo
717 1629 837 1705 sensit:
866 1655 910 1703 ex
921 1657 988 1730 qua
1005 1659 1040 1706 re
1051 1633 1106 1708 su·

73 1727 148 1801 bito
164 1727 199 1799 in
217 1749 385 1800 terrorem
404 1727 571 1804 converso
588 1734 742 1826 equitatu
762 1727 1028 1820 Numidarum,
1054 1756 1106 1805 re-

74 1821 130 1894 sta
145 1824 179 1896 in
195 1823 634 1924 castrasugerecontendit.
657 1824 754 1898 Galli
769 1824 1030 1923 Germanique,
1046 1828 1105 1925 qui
1129 1846 1151 1928 3

75 1919 287 2011 restiterant,
301 1946 353 1996 ex
369 1923 541 2019 superiore
557 1923 635 1996 loco
652 1923 689 1997 &
708 1919 785 2020 post
803 1943 940 2020 tergum
956 1924 1105 1997 circum·

75 2018 199 2110 venti,
231 2018 436 2119 fortiterque
464 2019 649 2094 refistentes
679 2019 912 2092 conciduntur
942 2020 1104 2094 univerfi.

74 2115 185 2212 Quod
201 2116 262 2189 ubi
274 2115 426 2218 legiones
436 2119 622 2217 Scipionis,
645 2142 725 2216 quae
740 2115 925 2216 procastris
940 2139 1038 2191 erant
1053 2117 1104 2191 in·
1128 2141 1154 2220 4

71 2213 233 2305 sttuslae,
256 2215 592 2304 animadverterunt;
608 2236 702 2288 metu
711 2238 749 2287 ae
763 2233 893 2286 terrore
910 2213 1105 2307 obcaecatae,

73 2312 236 2385 omnibus
252 2313 361 2408 portis
378 2313 414 2387 in
429 2312 485 2387 sua
501 2313 604 2389 castra
620 2309 741 2412 sugere
757 2331 951 2408 coeperunt.
983 2313 1106 2388 Postea
1128 2333 1155 2412 5

74 2408 234 2504 Scipione
249 2410 389 2508 ejusque
404 2409 513 2509 copiis
528 2434 650 2508 campo
668 2406 884 2506 collibusque
898 2409 1107 2503 exturbatis,

73 2506 228 2595 atquem
251 2507 353 2579 eastra
367 2506 577 2607 compulsis,
601 2530 711 2606 quum
731 2529 806 2579 rece
831 2505 882 2579 tui
899 2506 1014 2585 Caesar
1030 2511 1106 2582 cani

68 2599 229 2701 jussisset,
253 2604 516 2703 equitatumque
535 2628 674 2679 ornnem
695 2602 784 2676 intra
800 2531 873 2677 litas
894 2605 1106 2681 munitiones

72 2697 270 2796 recepisset,
292 2724 414 2795 campo
430 2722 598 2801 purgato,
613 2701 856 2775 animadvertit
871 2699 1014 2774 mirifica
1028 2726 1105 2777 cor·
1166 2726 1169 2731 ·

71 2821 156 2896 pota
168 2793 354 2869 Gallorum
368 2797 716 2896 Germanorumque,
742 2798 804 2896 qui
819 2798 942 2896 partim
958 2799 1030 2895 ejus
1045 2824 1105 2872 au·
1189 2853 1191 2858 -

71 2893 267 2968 &unitatem
286 2914 381 2967 erant
396 2919 440 2966 ex
457 2895 571 2968 Gallia
585 2895 710 2981 secuti,
733 2893 856 2992 partim
872 2892 985 2991 pretio
1002 2895 1105 2993 polli-

71 2989 359 3088 citationibusque
378 2990 517 3064 addueti
533 2992 576 3065 ad
597 3016 678 3065 eum
696 2989 729 3066 se
744 2992 961 3065 contulerant
980 3014 989 3064 :
1016 3018 1106 3069 non·

73 3090 182 3181 nulli,
205 3088 266 3188 qui
281 3112 325 3161 ex
342 3087 507 3161 Curionis
523 3088 650 3199 proelio
666 3088 756 3185 capti
772 3086 1032 3186 conservatique
1048 3117 1107 3184 pa.

72 3211 146 3259 retn
160 3187 302 3286 gratiam
318 3184 353 3258 in
368 3185 437 3258 fide
448 3185 622 3284 partienda
637 3184 793 3283 ptaestare
805 3185 998 3259 voluerant.
1023 3188 1105 3264 Ho-
1130 3186 1157 3263 6

74 3306 153 3355 rum
168 3308 311 3383 corpora
328 3283 472 3356 mirifica
486 3282 594 3380 specie
618 3281 912 3382 amplitudineque
928 3281 1011 3358 caesa
1029 3305 1107 3363 toto

73 3403 221 3478 ¹campo,
241 3407 280 3456 ac
295 3379 460 3483 prostrata
475 3380 607 3458 diverse
617 3379 785 3480 jacebant.

1001 3502 1108 3582 XLI.

109 3687 133 3724 t.
153 3672 194 3720 etl
206 3671 252 3731 fua
267 3672 326 3736 copta
341 3679 422 3742 longius
439 3676 549 3740 absceffiffi
557 3679 574 3739 ]
602 3673 731 3739 alsceffiffe,
746 3671 813 3723 unde
827 3670 937 3741 fugitiva
950 3670 1041 3728 vacua
1051 3674 1109 3743 1¹1st
1195 3674 1206 3689 ⁸

75 3742 130 3790 MS.
148 3741 238 3787 Nervic.
258 3738 364 3793 &edim
377 3750 444 3810 Rom.
467 3749 517 3794 Vm.
535 3748 575 3791 Be·
603 3744 635 3792 tio
651 3740 809 3794 testltslenda.
843 3744 943 3809 Dani«,
1091 3758 1101 3777 ⁸

74 3808 145 3875 [eald.
162 3801 292 3860 hebeltab
301 3803 418 3879 sescuplis
432 3812 513 3879 longius
522 3808 577 3878 jam
766 3882 812 3933 xx
831 3893 844 3941 ς
