2616 4462
698 136 709 169 h

300 195 362 320 ns
385 238 547 316 Bucco
569 236 741 315 cram
761 240 861 322 Lm.
880 243 912 319 1.
969 210 978 229 .
1068 258 1147 349 397

113 365 207 450 sumi
230 364 367 443 missurn
385 365 405 439 ὲ
424 365 593 464 Pompejo
611 368 646 437 in
664 388 785 464 agrum
802 364 990 460 Picenum,
1012 371 1145 445 confir..

110 466 316 542 mandorum
326 465 508 538 hominum
526 463 643 536 causs'a.
654 461 870 560 iquosasiu's
885 464 1060 542 Vrbullius
1070 493 1144 542 cer·

109 566 206 655 tior,
228 588 309 661 quae
326 586 382 634 res
396 561 431 632 in
446 561 577 633 Piceno
593 582 815 660 gererentur,
841 560 965 634 milites
975 564 1018 635 ab
1033 590 1074 637 oo
1087 591 1143 639 ac·

110 664 228 761 cipit,
252 659 366 757 ipsum
384 658 535 732 dimittit.
569 657 651 731 item
675 682 718 731 ex
739 657 894 731 finitimis
918 661 1144 758 regionibus,
1166 680 1192 761 5

111 783 197 859 quas
214 755 349 856 potest,
373 755 540 829 contrahit
555 757 714 840 cohortes
730 779 773 829 cx
789 753 980 829 celestibus
995 760 1145 857 Pompe-

108 857 214 956 janis.
233 857 270 927 in
279 852 316 924 iis
324 853 504 926 Camerino
522 852 712 951 fugientem
724 850 887 926 Ulcillem
898 850 1050 943 Hirum,
1063 880 1145 930 cum

113 979 160 1028 vr
182 948 400 1039 cohortibus,
424 974 508 1047 quas
516 950 564 1022 ibi
574 955 610 1023 in
627 949 783 1046 praesadio
798 948 980 1035 habuerat,
1003 953 1143 1049 excipit.

114 1049 250 1147 quibus
271 1046 416 1136 coactis,
441 1072 491 1118 xr
511 1073 524 1119 1
544 1072 558 1119 1
581 1045 701 1120 efficit.
726 1040 868 1120 Cumiis
885 1047 926 1119 ad
943 1049 1143 1122 Domitium
1166 1060 1193 1132 6

119 1143 386 1218 Ahenobarbum
406 1143 608 1217 Corfinium
624 1144 755 1243 magnis
770 1143 949 1218 itineribus
964 1149 1144 1243 perveni13

122 1241 353 1340 Caesaremque
368 1241 478 1316 adesse
485 1264 567 1315 cum
582 1241 776 1340 legionibus
791 1265 802 1311 r
815 1265 829 1312 1
842 1243 992 1315 nunciat.
1017 1243 1143 1317 Domi·
1168 1269 1193 1346 7

120 1340 184 1413 tius
197 1365 255 1438 per
270 1340 302 1412 se
315 1339 452 1412 circiter
466 1363 515 1412 xx
532 1339 690 1412 cohortes
700 1337 810 1428 Alba,
832 1362 877 1410 ex
893 1337 1014 1413 Marsas
1029 1341 1067 1414 &
1077 1341 1143 1415 Pe·

113 1436 235 1536 lignis,
264 1439 300 1510 ὅ(
321 1435 477 1510 finitimis
490 1435 533 1508 ab
548 1435 747 1534 regionibus
762 1436 933 1534 coiigerat.
1289 1488 1292 1493 -

157 1534 263 1609 XVI.
289 1552 300 1585 1
319 1534 481 1630 Recepto
490 1531 1044 1630 Asculo,expulsoqueLentulo,
1060 1533 1142 1609 Cae·
1169 1541 1195 1611 ι’

109 1628 160 1702 fir
177 1630 490 1728 conquirimilites,
514 1628 576 1727 qui
590 1629 929 1720 abeodiscess'erant,
950 1629 1143 1704 delestum-

112 1751 182 1824 que
199 1727 328 1801 institui
340 1726 453 1824 jubet.
478 1728 547 1824 ipse
571 1751 681 1799 unum
704 1728 794 1800 diem
812 1726 877 1813 ibi,
896 1727 943 1800 rei
953 1725 1141 1803 frumcnta-

113 1825 315 1912 riaecauffa,
341 1845 510 1919 moratus,
533 1824 734 1901 Corfinium
750 1825 940 1898 contendit.
964 1826 1019 1898 Eo
1029 1850 1139 1923 quum
1165 1848 1192 1899 2

115 1921 288 2010 venisset,
311 1922 470 1994 cohortes
486 1947 510 1994 v
528 1920 705 2019 praemissae
729 1922 748 1995 a
767 1923 928 1996 Domitio
944 1946 988 1995 ex
1008 1922 1142 2020 oppido

111 2039 260 2117 pontem
280 2018 428 2092 fluminis
444 2017 756 2116 interrumpebant,
781 2018 842 2118 qui
864 2040 935 2094 erat
952 2018 996 2091 ab
1011 2019 1143 2115 oppido
1202 2025 1206 2031 '

113 2114 222 2188 millia
244 2114 397 2214 passuum
417 2115 551 2190 circiter
572 2140 663 2187 111.
689 2115 848 2192 Ibicum
869 2114 1142 2189 antecursoribus
1167 2146 1190 2226 3

113 2212 257 2287 Caesaris
297 2213 400 2286 roelio
416 2211 612 2296 commisso,
638 2213 791 2290 celeriter
801 2210 1023 2293 Domitiania
1035 2235 1163 2312 ponte,

59 2318 62 2323 ’
114 2310 241 2408 repulsa
272 2311 341 2384 ein
357 2311 524 2408 oppidum
542 2332 754 2407 receperunt.
779 2306 925 2402 Cacsar,
947 2310 1140 2410 legionibus
1164 2335 1211 2417 4·

116 2406 345 2498 transductis,
368 2409 410 2497 ad
427 2408 595 2506 oppidum
609 2409 795 2502 constitit,
815 2411 984 2510 juxtaque
997 2432 1139 2483 murum

115 2502 221 2577 castra
237 2505 365 2602 posuit.

163 2601 284 2676 xvu.
308 2605 367 2678 Re
377 2603 536 2703 cognita,
560 2601 738 2676 Domitius
752 2602 794 2676 ad
812 2604 1019 2703 Pompejum
1038 2603 1073 2677 in
1093 2605 1143 2676 Α·
1170 2634 1188 2685 t
1285 2604 1288 2609 ’

111 2698 245 2796 pusiam
256 2702 377 2797 peritos
385 2702 566 2799 regionum
577 2700 886 2800 magnopropofito
899 2702 1045 2799 praemio
1060 2725 1142 2773 curn

108 2795 225 2882 literis
242 2797 348 2870 mittit
367 2826 377 2887 ;
401 2800 463 2896 qui
479 2817 596 2896 petant
614 2819 716 2895 atque
733 2820 856 2888 orent,
883 2819 924 2871 ut
939 2799 1000 2870 fibi
1016 2797 1143 2870 subve-

111 2895 183 2968 niat
196 2920 205 2965 :
234 2894 375 2986 Caefiirem
381 2893 492 2967 duobus
505 2893 705 2983 exercitibus,
730 2912 778 2967 (J‘
791 2899 930 2965 locorum
938 2893 1142 2993 angustiisfa·

109 2997 170 3061 cile
183 2992 354 3061 intercludi
362 2995 438 3093 p0ff0
458 3050 469 3082 ,
484 2995 702 3088 frumentoque
709 2990 870 3094 prohiberi.
894 2991 974 3086 quod
989 2995 1045 3086 nifi
1053 2993 1139 3084 fece·
1163 3018 1188 3070 ι

109 3096 174 3173 rit,
184 3091 244 3183 se,
269 3087 462 3183 cohortesque
474 3092 601 3188 amplius
609 3111 694 3171 xxx,
712 3114 917 3186 magnumque
929 3114 1087 3158 numerum
1089 3089 1142 3183 se

112 3210 273 3275 notorum,
291 3207 380 3279 atque
393 3192 527 3277 equitum
543 3191 746 3275 Romanorum
759 3189 962 3279 inpericulum
974 3188 1025 3276 effe
1032 3209 1141 3255 veraru-¹

115 3309 188 3354 rum.
214 3283 357 3354 Interim
379 3280 454 3355 suos
480 3281 706 3364 cohortatus,
731 3301 901 3356 tormenta
916 3283 952 3353 in
971 3284 1076 3354 muris
1091 3283 1141 3354 di·
1167 3300 1191 3382 3.

118 3377 243 3484 sponit:
270 3379 444 3479 certasque
460 3379 587 3477 cuique
605 3399 714 3476 partes
729 3377 965 3483 adncustodiam
984 3378 1078 3453 urbis
1093 3403 1143 3490 at·

605 3544 608 3549 ,
1083 3500 1144 3549 tn·

152 3597 176 3635 r.
191 3586 379 3656 nemusculo]
395 3581 496 3635 uxfinus
512 3583 540 3632 in
554 3598 578 3635 v.
589 3599 611 3634 c.
646 3583 692 3635 tin.
711 3586 736 3636 δι
746 3600 769 3636 v,
785 3603 806 3637 c.
823 3587 908 3636 inveni
923 3591 1014 3644 Firmo,
1030 3583 1143 3652 quodui⁴

68 3678 76 3697 .
109 3653 210 3718 repetit
218 3666 289 3715 recepto
298 3653 369 3715 oppido
377 3656 391 3707 ξ
394 3655 420 3702 &
428 3664 517 3699 vocem
525 3651 611 3711 Asculo
646 3651 732 3707 einum
748 3650 782 3707 tsi
790 3649 884 3710 nscuo
901 3652 1031 3723 oppidum.
1046 3659 1080 3708 D.
1093 3652 1145 3715 Vos*

109 3724 242 3789 χολαςικῦς
256 3726 380 3789 adjectam
395 3738 475 3793 putat.
493 3728 549 3791 Ego
563 3738 610 3791 pro
640 3717 696 3775 fiet.

109 3795 202 3858 asculo
217 3793 245 3850 in
264 3789 310 3852 tus.
333 3794 421 3861 cujac.
437 3796 525 3854 l‘ctau,
537 3791 609 3849 rata·
