2616 4462
254 247 904 334 nensmo‘ausiiuname:
941 343 943 347 ἲ
996 255 1000 261 ’
1037 262 1112 360 625
1206 252 1214 261 ”

74 377 168 456 adest
182 379 327 473 videri,
353 400 507 482 pacarat,
529 402 633 482 atque
648 382 685 455 ia
699 381 881 459 amicitiam
898 377 1041 459 Caesaris
1058 407 1111 460 re·

77 482 225 577 degerat.
587 567 591 575 ,

120 577 283 653 XXVII.
311 577 429 651 Locus
441 578 491 652 est
507 570 578 652 fere
593 575 774 676 regionum
792 571 928 651 illarum
945 576 1109 651 nobililh·
1139 601 1154 651 t

74 698 150 749 mus
165 676 293 747 nonita
308 675 413 775 longe
429 675 472 746 ab
484 673 715 763 Alexandria,
731 676 800 773 qui
818 676 1111 771 nominaturDel·

72 790 128 860 ta,
153 772 249 865 quod
266 795 397 851 nomen
411 771 660 850 dfimilitudine
675 771 799 847 litterae
814 773 927 871 cepit:
945 774 1110 870 nam'pars
1135 789 1160 840 2

71 870 231 965 quaedam
251 869 402 943 fluminis
412 869 513 961 Nili,
532 882 548 927 1¹
569 872 655 943 mire
670 868 821 944 derivata
838 872 928 943 inter
943 869 996 961 se,
1022 873 1111 943 duo·

71 964 138 1038 bus
154 966 332 1038 itineribus
349 965 544 1062 paullatim,
568 964 721 1039 medium
739 967 829 1040 iuter
845 966 878 1040 se
893 966 1038 1066 spatium
1058 992 1111 1040 re·

70 1060 264 1157 linquens,
296 1061 519 1137 diversrllrmo
540 1062 582 1135 ad
605 1063 702 1138 littus
726 1062 911 1140 intervallo
942 1063 995 1137 ’ἃ
1023 1060 1109 1140 marl

71 1160 308 1260 conjungitur.
331 1157 402 1234 Cui
415 1161 504 1233 loco
535 1161 904 1260 uumappropinquate
921 1162 1109 1236 Mithrida·
1136 1180 1157 1262 3

72 1258 234 1331 teraRex
250 1257 490 1358 cognovili'et;
510 1185 554 1332 (ht
578 1255 824 1332 transeundum
843 1260 874 1333 ei
897 1259 1029 1334 flumen
1045 1260 1118 1334 scis

72 1370 146 1442 ret3
164 1379 299 1454 magnas
308 1355 468 1430 adversus
480 1379 560 1428 eunt
577 1356 690 1454 copias
706 1355 815 1443 misit,
866 1356 968 1430 uibus
986 1354 1041 1429 vel
1053 1358 1109 1430 su·

70 1452 180 1546 perari
201 1453 377 1551 delerique
401 1451 657 1544 Mithridaten,
682 1453 738 1525 vel
758 1447 828 1527 fine
840 1382 952 1528 lubio
969 1454 1130 1547 retineri¹

70 1547 164 1644 polle
186 1551 343 1624 credebat
370 1570 378 1622 t
405 1549 699 1649 quemadmodum
726 1571 840 1624 autern
867 1549 1007 1649 optabat
1024 1550 1156 1654 eumq.

69 1644 182 1734 vinci3
208 1647 252 1720 fic
271 1647 345 1720 sartis
361 1646 506 1722 habebat
523 1645 744 1722 imerclusum
760 1642 779 1719 a
793 1645 927 1722 Caesare
944 1646 964 1722 al
981 1648 1013 1722 ie
1025 1650 1106 1722 reti-

68 1744 153 1814 neri.
169 1746 175 1757 ’
189 1742 282 1840 Quae
302 1746 421 1842 primae
440 1743 549 1840 copiae'
567 1741 733 1818 ilumeua
754 1745 859 1820 Delta
873 1742 1013 1840 transire
1034 1803 1046 1837 ,
1069 1749 1117 1822 &·
1128 1763 1154 1841 5

67 1840 265 1914 Mithridati
290 1865 471 1914 occurrere
490 1847 709 1939 potuerunt,
733 1842 898 1939 proelium
925 1843 1105 1918 commise-
1201 1894 1203 1898 2

68 1958 174 2028 runt,
188 1937 381 2012 festinantes
398 1941 578 2036 praeripere
586 1937 868 2036 subsequentibus
884 1939 1040 2014 vidioriae
1053 1941 1105 2013 so·

68 2036 255 2108 cietatem:
292 2048 480 2134 ³quorum
497 2038 673 2134 ⁴impeturn
699 2037 918 2110 Mithridates
939 2057 957 2100 4
981 2032 1154 2136 magna6
1244 2107 1247 2114 ,

68 2156 149 2204 cum
166 2133 365 2229 prudentia,
383 2130 629 2209 consuetudine
639 2132 755 2208 nostra
766 2133 878 2208 castris
890 2131 1037 2225 vallatis,
1049 2135 1104 2207 su.

68 2229 208 2304 stinuit:
235 2256 344 2330 quum
358 2257 440 2305 vero
457 2234 593 2307 incaute
609 2252 712 2328 atque
727 2230 911 2305 insolenter
926 2226 1103 2330 succedere
1114 2250 1117 2255 ’
1129 2247 1157 2328 7¹

68 2350 127 2402 eos
149 2327 400 2405 munitionibus
420 2331 552 2406 videret
571 2353 582 2418 3
605 2328 786 2426 eruptione
808 2328 962 2427 undique
984 2323 1103 2423 fabia,
1225 2397 1229 2405 .
1263 2404 1267 2410 ,

1031 2452 1103 2502 ma·
1151 2467 1153 2474 ·
1260 2481 1263 2485 .

103 2573 126 2610 t.
143 2562 202 2609 Mae
218 2561 320 2611 derivata
335 2562 391 2612 inter
401 2562 451 2626 fe]
472 2566 510 2616 -In
527 2555 570 2614 sua
603 2630 606 2633 y
634 2582 656 2622 3.
683 2561 786 2629 Qorum
807 2566 909 2636 impetum
931 2567 1093 2632 Mitridates}

69 2624 182 2676 editione
192 2630 300 2690 primam
309 2645 398 2678 vocem
410 2634 506 2682 uncinis
516 2631 569 2680 cin·
599 2630 696 2680 Eadem
710 2633 842 2685 traduntur
858 2635 873 2685 i
892 2637 981 2701 Joftpho
998 2636 1042 2686 lib.
1061 2652 1102 2687 ru.

67 2693 106 2740 xit
123 2694 171 2753 Jrf.
188 2698 291 2755 Scaliger.
307 2700 340 2743 Et
357 2692 416 2745 sane
433 2696 494 2762 quid
510 2697 568 2746 miri
597 2706 652 2763 dap.
670 2714 711 2747 κν.
739 2697 781 2749 sed
805 2704 833 2751 in
851 2705 959 2768 gratiam
976 2701 1021 2751 suae
1039 2716 1118 2767 gear

43 2771 46 2781 ¹
67 2748 102 2806 eil
131 2755 226 2808 insulas
250 2761 277 2806 in
302 2755 392 2809 mediis
423 2761 567 2813 fluruinibus
598 2763 648 2821 tis,
667 2768 694 2816 dt
712 2768 858 2831 Antipatri,
875 2770 954 2832 patris
971 2767 1102 2827 Herodis,

66 2836 213 2889 comparere
230 2828 238 2875 i
262 2829 328 2874 Cum
343 2825 420 2890 igitur
440 2845 466 2879 ea
486 2825 568 2878 vortit
597 2845 650 2878 non
667 2832 704 2878 ita
721 2831 830 2880 multum
844 2833 969 2882 tribuente
986 2830 1103 2884 laudibus

66 2894 141 2939 Msto
164 2896 255 2940 Norvic.
281 2891 307 2939 dt
327 2890 398 2941 editt.
422 2901 489 2955 Rom.
515 2900 566 2942 Ven.
597 2894 770 2955 Mithridatis,
787 2900 857 2955 imo,
874 2895 1101 2957 eontrauarratio·
1180 2930 1182 2935 »

66 2960 166 3005 Beroald.
184 2958 294 3014 exulet,
322 2971 371 3021 ego
389 2958 464 3021 plane
479 2960 567 3009 delen·
597 2975 656 3010 nem
666 2962 1103 3027 Hirta,partamvietoriamadan·
1147 2973 1150 2977 '

67 3018 127 3070 darn
145 3022 251 3082 censeo,
268 3037 295 3071 ut
310 3024 390 3087 inepti
403 3023 514 3074 hominis
524 3025 567 3075 ad·
598 3027 719 3091 tipattum
735 3026 910 3080 transferente.
944 3030 1066 3093 Glandorp.

64 3085 242 3140 ditameutum.
277 3093 372 3138 Davies.
630 3110 656 3154 4,
681 3096 765 3156 Magna
787 3113 835 3142 cum
856 3095 993 3157 prudentia]
1009 3089 1103 3148 (iodea

100 3170 126 3203 2.
138 3185 142 3215 1,
144 3162 173 3202 «Α
181 3161 239 3204 mari
252 3157 402 3218 conjungitur]
420 3155 501 3204 Deleo
509 3169 569 3222 prae·
601 3160 692 3206 eiaccon.
709 3157 764 3225 post
773 3160 818 3209 has
835 3175 909 3209 voces
925 3159 996 3210 addit
1004 3162 1101 3221 constan·

65 3216 233 3284 politionem,
252 3218 317 3288 (quae
335 3219 432 3270 abest'i
445 3226 499 3272 MS.
510 3231 569 3271 Nor·
598 3226 672 3287 niaque
687 3227 807 3282 militamt
831 3227 884 3275 MS.
904 3239 988 3276 autem
1006 3230 1098 3280 Nervic.

66 3281 125 3347 vic.)
143 3283 217 3355 sentit
234 3290 304 3337 enim
320 3289 410 3338 Nilum
422 3287 455 3337 ad
465 3291 568 3346 locum,
599 3305 655 3338 cum
680 3289 737 3339 aliis
762 3289 918 3350 nonnullis,
943 3292 1101 3357 constantiaque

65 3351 110 3415 qui
121 3353 196 3401 Delta
205 3349 294 3404 dicitur
311 3389 318 3412 ,
336 3352 415 3402 dividi
422 3352 568 3404 divaricari·
599 3359 708 3406 uirtutum
726 3391 733 3414 ,
751 3359 777 3410 ό·
793 3359 1002 3406 „Alexandrinorum
1016 3363 1100 3423 impru-

64 3427 134 3480 que‚
152 3417 241 3468 deinde
250 3420 385 3486 paullatim
395 3417 502 3470 crescere
512 3432 566 3470 rne-
597 3421 680 3472 denaia.
704 3422 754 3472 Illa
766 3415 869 3488 quidem
883 3418 958 3473 verba
977 3459 985 3482 ‚
1000 3436 1027 3473 ut
1044 3423 1100 3488 opi·

65 3481 137 3531 dium
154 3480 260 3547 spatium
277 3521 285 3545 ,
310 3486 413 3535 demum
435 3485 567 3537 divetsrisr·
597 3503 663 3546 not,
679 3485 693 3538 ὲ
709 3486 824 3556 margine
840 3489 867 3539 in
883 3488 1045 3540 textumsunt
1055 3489 1100 3538 sd-

62 3548 114 3600 mis
132 3551 158 3600 &
175 3550 254 3616 longe
269 3549 285 3600 ὶ
302 3549 327 3600 se
342 3550 488 3604 distantibus
503 3555 567 3603 locis
596 3551 658 3603 scita
691 3568 797 3620 quotum
812 3551 995 3606 Glolsetuatum
1013 3566 1100 3604 exem·

62 3615 130 3665 mari
154 3616 297 3682 conjungit
322 3631 467 3683 quanquam
486 3621 512 3671 δι
529 3620 567 3669 di·
595 3621 639 3686 pla
654 3589 848 3688 litppeditabunt
857 3635 912 3672 not.
933 3622 965 3672 ad
974 3621 1019 3671 lib.
1032 3622 1098 3686 1¹2⁸·

63 3682 162 3731 aiones
180 3684 209 3730 aa
229 3685 290 3729 littus
309 3716 316 3740 ,
340 3682 467 3738 abundare
484 3683 567 3736 existi·
597 3691 630 3736 G.
651 3701 706 3754 cap.
723 3702 832 3741 aaran.
850 3691 877 3743 dt
891 3685 937 3742 tib.
958 3701 1011 3742 tit.
1027 3690 1053 3740 B.
1064 3687 1112 3751 dt.

62 3761 128 3806 m0;
145 3748 188 3798 sed
206 3745 357 3814 superiorem
370 3750 566 3803 lotumnousa·
597 3768 651 3822 cap.
664 3764 686 3807 t.
719 3760 817 3808 Daaies'.

61 3815 97 3868 tlt
114 3813 267 3890 fastigatum
283 3810 332 3869 elle
347 3816 431 3875 credo.
467 3823 523 3878 ctae.
696 3857 699 3861 .
748 3886 794 3939 Μ
