2616 4462
160 251 240 352 '664
332 194 1017 327 *dl-IrthostmnNal
1174 360 1178 367 .

113 382 136 450 't
211 372 392 451 LXXVI.
418 377 555 475 Magno
569 398 672 474 atque
686 374 754 447 acri
774 374 931 447 cominus
948 369 1075 471 proelio
1088 367 1207 466 fado}

167 487 180 523 ¹
198 471 321 547 dextro
338 497 471 564 cornu,
488 500 560 572 quo
579 494 734 547 veterana
749 472 842 572 legio
862 475 905 544 'vr
920 491 991 545 erat
1010 469 1202 562 collocata,

162 567 303 650 initium
322 570 478 651 vietoriae
495 594 613 644 natum
631 569 681 642 est
695 569 738 642 ab
747 595 784 644 ea
801 590 918 668 parte,
943 592 1052 667 quum
1065 567 1101 639 in
1119 593 1203 664 pro·

162 664 257 740 clive
275 669 543 747 detruderentur
559 663 689 755 hostes3
713 667 826 739 multo
843 666 992 758 tardius,
1010 664 1065 740 sed
1082 685 1202 738 tamen
1222 733 1224 736 .

162 759 280 837 iisdem
297 766 375 844 Diis
389 764 650 867 adjuvantibus,
669 763 801 835 sinistro
821 788 952 855 cornu,
976 761 1152 859 mediaque
1163 787 1206 834 a·

96 881 140 933 ·2
163 860 214 934 cie
232 917 243 950 ,
267 883 352 937 totae
369 863 600 961 profligantur
616 861 726 960 copiae
745 860 862 959 regis:
888 885 967 959 quae
985 885 1087 959 quam
1101 858 1204 931 facile

161 956 334 1038 subierant
354 959 512 1058 iniquum
531 960 678 1048 locum,
703 979 772 1033 tam
792 957 947 1032 celeriter
966 959 1075 1057 gradu
1093 955 1203 1051 pulsae
1228 1048 1231 1053 ⁵

161 1057 409 1150 premebantur
433 1057 502 1130 loci
518 1056 711 1155 iniquitate.
750 1057 870 1150 ltaque
894 1056 1013 1128 multis
1033 1052 1203 1134 militibus

161 1151 287 1252 partim
306 1153 513 1246 interfueris,
537 1155 660 1252 partim
676 1155 816 1226 suorum
834 1154 929 1226 ruina
938 1149 1122 1251 oppreffis‚
1139 1151 1203 1248 qui

161 1248 344 1324 velocitate
358 1251 699 1352 efl'ugetcpoterant‚
717 1252 818 1322 armis
834 1269 948 1324 tamen
957 1248 1116 1351 projedlis
1127 1246 1203 1320 val-

162 1341 230 1416 lem
247 1347 459 1447 transgressa,
485 1349 629 1420 nihileis
648 1348 726 1420 loco
743 1345 912 1446 superiore
929 1348 1074 1420 inermes
1091 1345 1203 1442 profi-

115 1462 138 1544 3
163 1466 238 1514 cere
258 1456 426 1541 poterant.
461 1446 510 1518 Αἰ
531 1443 640 1519 nostri
659 1442 801 1516 vidtoria
816 1445 894 1517 elati
910 1444 1021 1518 subire
1037 1442 1202 1539 iniquum

160 1537 310 1631 locum,
338 1543 616 1642 munitionesque
634 1542 775 1641 aggredi
803 1566 874 1613 non
891 1540 1112 1614 dubitarunt:
1140 1541 1203 1632 deq

40 1713 52 1727 „
160 1633 508 1719 fendentibusaute‘m
525 1640 563 1714 iis
580 1638 781 1719 cohortibus
797 1638 925 1727 castra,
949 1663 1033 1736 quas
1049 1640 1199 1710 Pharna-

161 1755 216 1805 ces
233 1735 389 1831 praefidio
411 1739 590 1837 reliquerat
609 1795 621 1829 ,
644 1735 798 1810 celeriter
815 1735 929 1809 castris
953 1735 1102 1816 hostium
1121 1735 1200 1809 sunt

116 1859 143 1939 4
162 1832 277 1927 potiti.
305 1835 487 1908 tnterfeeta
504 1834 726 1910 multitudine
743 1833 839 1906 omni
847 1853 907 1906 aut
923 1855 1019 1928 capta
1035 1832 1200 1925 suorum,

164 1929 353 2005 Pharnaces
370 1957 450 2004 cum
466 1935 579 2029 paucis
595 1931 769 2030 equitibus
785 1929 967 2028 profugit:
992 1931 1049 2003 cui
1064 1928 1126 2002 nili
1145 1954 1201 2003 ca·

161 2024 313 2101 strornm
337 2031 552 2128 oppugnatio
567 2029 763 2111 facultatem
780 2028 942 2101 attuliss'et
960 2027 1100 2100 liberius
1116 2052 1200 2122 pro·

161 2122 337 2221 fugiendi,
357 2129 457 2200 vivus
469 2128 504 2199 in
523 2126 665 2199 Caesaris
681 2124 884 2223 potestatem
895 2125 1064 2197 addudtus
1079 2126 1174 2199 ell'et.

119 2241 134 2287 1
210 2220 406 2300 LXXVll.
433 2225 514 2298 Tali
541 2223 684 2303 victoria
699 2221 801 2296 toties
822 2221 938 2297 vielor
955 2220 1070 2295 Caesar
1089 2223 1201 2298 incre·

161 2313 260 2389 dibili
289 2321 338 2392 est
366 2322 482 2394 lretitia
512 2319 689 2409 affcdtus,
721 2319 816 2417 quod
842 2320 1035 2392 maximum·
1060 2319 1198 2395 bellum

161 2431 252 2486 tanta
276 2417 445 2490 celeritate
469 2419 680 2491 confecerat:
705 2436 845 2511 eratque
862 2416 963 2489 subiti
983 2417 1125 2514 periculi
1146 2444 1201 2492 re-

161 2512 359 2585 cordatione
386 2515 526 2603 laetior,
558 2515 655 2609 quod
679 2513 824 2586 vidioria
839 2512 945 2588 facilis
968 2538 1012 2588 ex
1035 2514 1200 2588 difficilli-

113 2633 138 2692 2
161 2608 225 2680 mis
242 2610 343 2683 rebus
361 2612 536 2684 acciderat.
567 2613 686 2684 Ponto
702 2632 869 2707 recepto,
893 2612 1007 2709 praeda
1029 2613 1125 2685 omni
1145 2638 1199 2686 re-

159 2704 216 2804 gia
242 2706 409 2783 militibus
434 2707 655 2798 condonata,
686 2706 822 2805 postero
847 2709 901 2782 die
923 2734 1003 2784 cum
1029 2709 1199 2807 expeditis

160 2804 335 2972 equitibus
362 2806 433 2906 ipse
457 2805 721 2905 proficiscitur:
756 2805 927 2902 legionem
953 2832 1002 2878 vr
1030 2807 1201 2880 decedere

157 2925 176 2970 a
214 2906 352 2998 praemia
368 2928 469 3002 atque
484 2906 630 2978 honores
648 2902 861 2998 accipiendos
879 2903 915 2977 in
932 2904 1061 2978 Italiam
1069 2902 1197 2997 jubet:

157 3000 285 3085 auxilia
302 3003 459 3103 Dejotari
477 3003 622 3085 domum
639 3000 809 3074 remittit:
841 3027 879 3073 11
902 3002 1058 3102 legiones*
1079 3015 1093 3047 ²
1112 3021 1200 3165 {qim

1150 3121 1201 3167 ae-

193 3222 215 3258 r.
233 3213 318 3258 Dextro
336 3229 415 3269 corner,
432 3227 473 3276 quo
490 3213 656 3275 veseranalege'o
690 3219 740 3263 Ven.
760 3212 859 3262 Beroald.
875 3205 918 3258 sed
934 3207 960 3253 in
977 3205 1008 3253 iis
1027 3207 1096 3255 male
1107 3202 1197 3258 scribl-

157 3286 187 3321 Ὴ
205 3281 389 3334 enitendum,
405 3282 492 3325 initium
506 3280 600 3325 vitieris
615 3296 656 3324 na·
687 3293 726 3328 tur
742 3297 768 3326 ex
784 3289 884 3340 rapam.
920 3273 1023 3320 Dav'ies,

156 3350 205 3385 rum
221 3341 250 3400 cst
261 3345 409 3420 altapetra,
426 3360 493 3408 quum
508 3347 530 3399 in
545 3346 654 3405 puelivel
720 3362 744 3401 2.
763 3351 815 3390 Cum
822 3343 884 3388 talto
898 3341 1013 3385 Vincianol
1030 3337 1110 3389 Editt.
1124 3343 1195 3406 Rom,

156 3409 195 3465 M.
213 3413 303 3459 Nervis.
324 3427 339 3457 a
354 3411 427 3457 dextro
441 3426 515 3456 cornu.
540 3413 612 3478 Lego
631 3412 656 3458 δι
690 3415 740 3458 Ven.
758 3407 857 3466 Beroalal
876 3418 1007 3474 perperam
1016 3402 1136 3458 exhibent
1144 3420 1196 3455 cum

156 3470 283 3538 distinguo
300 3472 314 3520 d
330 3475 403 3522 dextro
419 3492 497 3532 cornu,
515 3490 556 3538 quo
572 3468 658 3521 vetera-
692 3476 753 3521 calio
770 3476 874 3520 maaria.
900 3475 930 3519 ln
952 3475 1025 3518 Msro
1047 3479 1139 3517 Narrare.
1158 3468 1197 3519 est

155 3555 185 3589 na
201 3542 252 3602 legio
268 3555 296 3589 vr
315 3553 361 3586 erar
379 3543 479 3587 collocata
489 3574 497 3596 ,
516 3543 603 3587 initium
621 3542 657 3586 vi·
690 3555 738 3584 cum
746 3541 810 3600 seclia
817 3538 940 3597 Juniciano.
957 3534 1067 3596 Adiuvat
1075 3534 1134 3592 sane
1142 3534 1196 3596 like

155 3605 225 3661 diaria
241 3604 363 3662 narumesl.
383 3607 424 3651 kAb
440 3617 538 3667 caparra
551 3620 619 3668 quum
636 3608 658 3650 in
689 3604 766 3652 lefflo
785 3609 812 3654 F.
822 3605 897 3663 'llrfini
905 3601 1132 3658 emendationem,
1149 3603 1196 3662 qul

152 3676 249 3735 proclive
266 3674 316 3723 dcc.
335 3668 409 3733 Quod
424 3669 594 3736 conjedltutatn
611 3683 657 3718 no·
690 3671 789 3734 reponit
806 3687 853 3717 cum
870 3666 934 3721 celio
957 3673 1073 3716 Viniciana.
1098 3671 1136 3715 Ea
1153 3678 1195 3714 ta-

69 3783 77 3798 ,
155 3735 231 3787 llrarn
242 3754 294 3786 raon
307 3734 576 3793 mediocriterfitrnat,
594 3735 659 3801 hanc
689 3750 749 3785 men
764 3735 907 3797 eonjeema
921 3750 973 3784 non
990 3733 1024 3783 est
1038 3727 1196 3800 necessaria,

154 3803 384 3875 interpunctionem
392 3800 490 3881 setiam
499 3799 574 3882 editt:
589 3805 657 3876 Rom:
689 3816 784 3858 veteres
801 3803 870 3856 enim
877 3801 957 3857 modo
971 3798 1097 3862 Vincentius,
1111 3796 1195 3916 rupelo

372 3886 374 3891 ’
1146 3881 1194 3917 eru·
