2616 4462
288 285 352 344 ult
375 233 536 344 Buntio
568 268 841 340 Anurcnno.
1016 277 1120 365 765.v

62 386 188 465 ¹colleru
209 389 221 479 ,'
244 413 350 488 quem
373 404 498 488 capere‘
509 380 677 478 volebat,
701 386 966 486 perveniretur:
992 387 1099 459 ultra-
1187 426 1189 430 v

63 513 133 586 que
148 511 222 562 eam
248 486 441 560 convallem
460 488 632 560 olivetum
656 506 755 559 vetus
774 483 901 556 crebris
919 484 1099 556 arboribus
1186 527 1190 535 ‚

63 584 285 676 condensum.
303 584 377 658 Hic
390 609 500 683 quum
510 583 685 657 Labienus
696 581 997 669 animadvertisset,
1014 581 1096 651 Cae-
1120 602 1146 652 2

61 683 198 775 sarem,
224 681 249 754 si
267 682 371 755 vellet
391 707 470 755 euru
491 681 608 756 locum
632 704 828 778 occupare,
852 680 947 780 prius
964 676 1099 750 necell'e

60 781 127 854 ell'e
144 779 339 851 convallem
365 778 605 877 olivetumque
621 777 837 876 transgredi,
861 799 982 851 eorum
1001 775 1100 847 loco-

61 902 140 950 rum
153 877 281 975 peritus
296 877 331 949 in
346 875 472 969 insidiis
480 902 560 949 curn
577 897 671 973 parte
685 875 872 972 equitatus,
896 874 1035 970 levique
1046 897 1099 943 ar-

59 974 373 1047 maturaconsedit:
394 992 405 1025 ¹
423 976 628 1071 &praeterea
637 973 713 1071 post
731 993 884 1046 montem
905 969 1096 1067 collesque,
1123 993 1145 1076 3

60 1072 193 1167 equites
211 1072 246 1144 in
265 1072 405 1145 occulto
423 1075 673 1158 collocaverat3
698 1091 738 1143 ut
753 1095 862 1168 quum
885 1070 953 1166 ipse
968 1093 1011 1140 ex
1031 1071 1097 1138 im·
1159 1075 1162 1082 '

62 1167 200 1264 proviso
217 1168 420 1268 legionarios
435 1170 576 1242 adortus
589 1167 688 1249 efl'et,
714 1192 757 1239 ex
771 1167 860 1239 colle
876 1166 909 1240 se
926 1167 1098 1264 equitatus
1160 1181 1163 1186 ’

62 1265 278 1352 ostenderet,
294 1270 339 1341 '&
355 1291 391 1339 re
407 1267 537 1365 duplici
553 1266 773 1365 perturbatus
789 1263 905 1337 Caesar
922 1323 933 1355 ‚
957 1263 1098 1362 ejusque

61 1362 250 1448 exercitus,
275 1388 388 1462 neque
404 1387 495 1437 retro
512 1364 730 1466 regrediundi
745 1403 767 1445 s
782 1387 895 1461 neque
911 1361 1000 1435 ultra
1016 1386 1098 1457 pro·

62 1459 205 1534 cedendi
222 1461 335 1535 oblata
354 1461 538 1548 facultate,
564 1463 826 1536 circumventus
847 1460 1097 1534 concideretur.

63 1557 207 1650 Caesar,
230 1562 384 1659 equitatu
409 1581 486 1633 ante
509 1559 679 1659 praemissb
706 1616 717 1649 ,
747 1557 870 1632 inscius
900 1556 1095 1629 insidiarum
1119 1590 1145 1667 4

63 1678 176 1752 quum
192 1656 328 1730 adeum
345 1657 463 1729 locum
480 1656 621 1730 venisset
633 1712 654 1747 „
666 1655 783 1741 abusi,
808 1654 878 1727 srve
892 1653 993 1728 obliti
1006 1677 1096 1749 pree-

63 1772 243 1850 ceptorum
260 1755 428 1842 Labieni,
451 1753 520 1827 five
530 1754 648 1838 veriti¹
669 1779 711 1826 ne
724 1753 758 1825 in
772 1751 906 1824 foss'aab
921 1750 1099 1846 equitibus

63 1850 375 1948 opprimerentur,
400 1853 491 1944 rari,
514 1875 553 1925 ac
570 1850 616 1923 srn
646 1851 693 1922 uli
710 1850 753 1925 de
775 1873 859 1946 rupe
877 1850 1038 1947 prodire,
1059 1851 1111 1921 δι’

61 1947 194 2021 sumina
216 1969 330 2043 petere
348 1948 471 2025 collis:
497 1974 586 2049 quos
609 1874 752 2023 deuiis
775 1946 907 2044 equites
924 1944 1098 2019 consecuti
1123 1965 1146 2037 ς

46 2047 187 2142 ,partim
203 2045 466 2132 interfecerunt,
491 2047 613 2145 partim
628 2049 791 2119 vivorum
803 2046 881 2118 sunt
896 2043 1018 2142 potiti:
1039 2043 1095 2115 de·
1122 2043 1146 2118 6

63 2143 142 2215 inde
158 2145 317 2238 protinus
329 2145 453 2217 collem
465 2167 578 2242 petere
592 2143 866 2232 contenderunt,
881 2161 1098 2239 atqueeunr,

62 2241 200 2314 decullb
211 2241 357 2317 Labieni
368 2241 546 2341 praefidio‚
564 2243 718 2316 celeriter
735 2258 1001 2338 occupaverunt.
1026 2236 1099 2310 La}

66 2337 188 2411 bie'nus
200 2365 278 2413 cum
288 2361 383 2439 parte
392 2342 552 2438 equiturn
563 2341 621 2412 vix
631 2339 712 2438 fuga
723 2337 783 2409 sibi
802 2338 933 2434 peperit
946 2336 1099 2412 salutern.

112 2433 174 2505 Ll.
202 2438 278 2508 Hac
294 2464 329 2510 re
347 2464 407 2536 per
427 2440 560 2536 equites
576 2437 692 2537 gella,
715 2435 830 2509 Caesar
847 2435 1042 2536 legionibus
1059 2463 1098 2509 o·
1126 2465 1143 2513 1

63 2554 144 2626 pera
161 2531 333 2607 distribuit
357 2589 367 2623 ‚
390 2559 493 2635 arque
511 2537 547 2608 in
570 2561 612 2607 eo
628 2535 716 2609 colle
735 2593 745 2623 ‚
771 2558 842 2631 quo
857 2557 928 2608 erat
947 2534 1098 2633 potitus,

64 2626 167 2699 castra
185 2632 341 2704 munivit.
370 2636 506 2707 Deinde
521 2635 565 2707 ab
580 2633 646 2706 suis
657 2634 812 2708 maximis
827 2632 940 2705 castris
956 2656 1017 2730 per
1028 2656 1098 2705 rne-
1124 2662 1150 2713 2

17 2823 19 2831 Ι
64 2725 161 2798 diurn
181 2749 358 2824 campum,
374 2729 403 2803 ’ὲ
422 2733 561 2833 regione
571 2731 691 2833 oppidi
700 2731 842 2816 Uzitae,
867 2749 881 2781 2
900 2730 995 2829 quod
1011 2729 1100 2897 inqer

1058 2851 1101 2898 ua

63 3030 65 3035 y
97 2981 121 3015 1.
139 2971 170 3013 Et
182 2979 284 3030 praterea
298 2965 344 3029 post
362 2980 455 3015 montem
465 2971 567 3032 collesque
596 2975 637 3018 liro
652 2973 676 3032 fe
691 2971 767 3030 cafari
784 2970 911 3030 ostenderent
929 3008 936 3030 ‚
954 2974 1034 3037 equites
1050 2972 1103 3024 &ci

64 3036 145 3093 equites
168 3036 191 3079 in
215 3037 293 3081 occulto
318 3035 474 3094 colliaverar]
490 3040 568 3083 'Hunc
600 3039 634 3086 ui
651 3038 692 3085 rel
708 3035 757 3084 huc
773 3039 814 3086 vel
831 3038 879 3087 illo
895 3037 1102 3103 modulemur,
1127 3074 1129 3078 .

66 3097 151 3147 locum
176 3101 259 3149 multo
285 3099 351 3148 aussi
382 3115 424 3158 ent
448 3099 568 3149 exhibent
600 3104 724 3164 conjicere
739 3117 837 3166 nequeo
857 3104 944 3161 ,unde
960 3104 1056 3154 sottum
1075 3118 1104 3155 ut

65 3165 133 3237 Msri
148 3168 222 3224 vrstn.
249 3169 275 3216 ὅ(
290 3170 380 3214 Naevia.
407 3168 481 3216 iniis
499 3168 568 3215 enirn
599 3171 627 3217 in
642 3182 681 3218 tot
699 3167 781 3217 Codd.
797 3171 847 3220 haec
865 3168 1101 3236 verbaitrepserinti

65 3227 159 3292 legltut
175 3237 205 3278 Et
217 3234 318 3296 preterii
329 3234 374 3296 post
389 3230 483 3301 mongum
496 3235 569 3293 celles·
599 3240 693 3284 Davies.

65 3311 108 3356 que
123 3289 203 3344 subito
220 3297 245 3347 se
261 3296 353 3349 Caesari
367 3299 525 3357 ostenderat,
543 3302 569 3350 &
635 3320 660 3351 2.
677 3304 745 3364 Qud
758 3304 813 3350 inter
825 3303 956 3364 suasam
973 3305 999 3357 dr
1021 3306 1105 3366 Scipio·

65 3364 148 3423 equites
164 3366 186 3408 in
210 3369 286 3412 occulto
311 3370 461 3417 collocaverat.
488 3366 568 3416 Editt.
602 3372 635 3416 nis
650 3372 672 3415 in
689 3371 782 3431 planitia
801 3370 892 3433 pofitum
908 3374 976 3432 erat]
1002 3368 1106 3419 Duabus

65 3441 127 3474 veto
144 3433 210 3492 Rom
229 3436 279 3477 Ven.
297 3437 395 3482 Beroald.
417 3441 450 3482 Ut
467 3447 581 3496 preterea·
602 3435 699 3485 voculis
714 3432 826 3492 omiffis,
843 3437 871 3485 iu
888 3436 960 3487 editt.
972 3443 1040 3505 Rom.
1052 3443 1107 3486 Ven.

63 3493 111 3556 past
126 3508 219 3539 montem
236 3499 347 3561 collemque
360 3502 431 3560 subita
444 3502 470 3562 so
493 3503 569 3562 Caefiari
602 3502 702 3550 uerrere.
720 3516 851 3567 perperam
870 3504 963 3570 legitur
978 3507 1036 3567 quod
1050 3507 1106 3550 inter

67 3559 182 3619 ostenderet
202 3565 339 3624 ,equitesin
355 3572 432 3614 occulto
451 3571 571 3614 collocave·
597 3570 641 3629 fua
661 3567 729 3626 castra
752 3571 777 3620 (γ
801 3572 912 3632 planitiem
933 3571 1025 3634 pofitum
1040 3583 1106 3616 erar:

67 3639 121 3683 tata
142 3626 209 3674 unde
220 3625 355 3691 legendum
370 3631 477 3682 arbitror
485 3647 509 3680 ue
514 3647 571 3697 pra·
603 3639 655 3684 MS.
680 3634 759 3685 etiam
782 3641 873 3686 Norvic.
902 3635 977 3686 habet
994 3639 1016 3682 r'n
1029 3638 1104 3699 plani-

65 3706 126 3740 rerea
137 3693 183 3756 posi
199 3707 292 3739 montem
307 3698 408 3761 collesque
418 3701 518 3760 fultense
527 3707 570 3748 Ca·
602 3707 679 3763 eumq
705 3701 732 3749 in
750 3704 843 3752 caeteris
865 3717 992 3768 receptam
1015 3701 1106 3751 lestin-

62 3761 113 3822 sari
129 3760 282 3827 ostenderent,
307 3766 386 3824 equites
408 3767 456 3815 &n
483 3765 524 3815 vel
542 3768 569 3818 {7
602 3783 662 3818 nem
677 3781 773 3826 tuetur,
790 3784 843 3835 quat
860 3766 920 3824 sana
934 3766 968 3830 ell
985 3769 1012 3821 bt
1028 3766 1111 3824 since⁴

59 3841 167 3921 ἕψεται
179 3825 226 3893 post
240 3839 334 3885 montem
351 3829 470 3899 tollesque,
486 3832 570 3904 quisti:
602 3847 643 3900 tu·s
674 3835 744 3887 Idem·

738 3903 784 3967 ll.
