2616 4462
31 287 35 293 ’
120 286 205 373 dw'
396 301 925 377 Nonnucnnnon

120 417 248 486 lemaro:
270 402 433 504 quosVib.
444 420 599 526 Sequesler
615 423 782 489 Cervecios
797 439 962 505 nuncupat.
983 419 1168 486 Germania

120 506 246 588 popolr,
270 507 383 571 Baceni
407 508 520 572 slva-a<
536 510 643 573 buevis
657 509 751 573 divin.
781 509 965 592 Mansfelders
985 526 1051 589 ego
1069 506 1170 571 existi·

120 609 186 652 mo,
209 592 445 677 lunenburgenses
460 594 580 657 mavult
598 590 640 660 H.
657 593 763 681 Junius
780 593 811 656 in
829 595 880 657 sua
897 591 1048 656 Batavia.
1085 590 1168 657 Vide

120 673 340 739 Althamerum
356 677 386 738 in
409 677 568 741 Taciturn.

40 835 43 842 1
117 770 120 776 ’
163 756 296 822 Cimbri.
319 762 490 825 Germaniae
507 762 615 845 populi
626 761 760 825 maxime
776 758 1074 845 Septemtrionales.
1094 757 1165 842 Jur-

121 845 230 907 laendrrs
246 849 310 906 sunt
327 845 428 908 nostra
444 848 632 930 tempestate.
650 847 743 909 iidem
759 867 828 908 cum
840 842 1167 909 CimmeriisStrabo·

120 928 161 991 ni.
185 929 455 1075 Cessberiosetiam
472 931 511 994 ab
530 931 748 1017 Aristophanis
759 932 1024 995 commentatore
1037 947 1169 995 vocatos

120 1028 210 1076 notat
257 1033 376 1077 ecanus.

165 1097 350 1171 Cocosates,
371 1099 433 1174 (seo
446 1096 626 1163 Cocollates
634 1095 816 1183 Sexignani,
827 1118 859 1161 ut
870 1096 994 1162 Plinius
1004 1097 1168 1177 nominat)

122 1181 303 1265 Aquitania
321 1185 441 1267 populi.

163 1269 329 1331 Cocosates
344 1270 375 1330 in
391 1266 700 1350 novempopulania,
723 1267 910 1350 ignorantur.

165 1351 343 1422 Condrusi,
373 1357 426 1425 δε,
457 1372 490 1416 nt
513 1353 664 1416 existimat
684 1353 888 1435 Vigenereos‚
920 1347 1170 1426 Condrusones‚
1197 1374 1199 1385 ·

120 1437 294 1500 Germaniae
313 1438 440 1520 populi,
464 1439 514 1499 seu
532 1437 674 1520 Belgica.
705 1438 844 1503 Condrota
859 1433 958 1496 bodie.
990 1435 1168 1501 Leodienfi's

122 1513 276 1593 Dioecesrs
292 1522 405 1585 uanus
420 1521 478 1592 est,
501 1521 532 1582 in
549 1541 611 1605 quo
627 1541 721 1601 caput
737 1520 778 1584 est
797 1526 906 1596 Hopum
922 1521 1091 1602 oppidum
1102 1567 1121 1601 ,‚
1132 1521 1166 1586 ad

121 1605 257 1668 Mosam.
282 1604 318 1669 P.
332 1607 457 1670 Diuoeus
469 1610 502 1672 δι
522 1605 566 1670 Η.
582 1597 729 1669 Leodius.
752 1604 924 1692 Condoslrum
940 1605 1103 1695 Austrafiae
1119 1627 1167 1671 vo·

122 1710 174 1754 cat
192 1691 337 1754 Melanos
355 1691 386 1752 in
402 1692 466 1754 vita
482 1687 512 1754 S.
532 1689 671 1773 Beregisr.

159 1774 363 1921 dConfluentes
380 1776 477 1839 Mosae
495 1778 527 1839 δι
545 1773 655 1839 Rheni.
673 1773 705 1837 in
722 1771 848 1858 Belgica
864 1791 926 1835 non
942 1769 1043 1859 longe
1051 1775 1098 1840 ab
1114 1796 1164 1862 op·

147 1859 155 1922 i
179 1881 199 1922 0
214 1861 343 1924 Bommel.

121 1877 144 1946 P
166 1944 368 2008 Coriosolitae.
381 1941 678 2011 lnterArmoricos‚
699 1941 736 2005 ad
755 1941 929 2004 Oceanum.
952 1943 1161 2030 Cariſsapitensu

121 2031 229 2095 multis
244 2027 320 2103 elle,
340 2025 435 2092 tradit
454 2027 634 2092 Manlianus.
661 2027 767 2111 Vulgo
779 2029 957 2093 Cornovat'sst·

218 2199 335 2264 Ecetia.
359 2188 663 2280 UrbsadLigerim,
684 2216 749 2281 quar
767 2213 862 2280 ponte
877 2193 1159 2265 contineturetiam

215 2284 326 2358 hodie,
352 2288 385 2350 δι
397 2302 505 2344 nomen
524 2283 644 2346 retinet.
668 2282 762 2368 Decrfi
769 2281 823 2366 fin·
839 2286 927 2343 Loire.

166 2366 364 2440 Diablintes,
385 2366 639 2430 uchiablintres.
653 2367 761 2430 Celtae.
782 2364 904 2428 eosdem
917 2378 991 2427 curn
1010 2367 1159 2432 Diablin-

120 2447 169 2513 dis
186 2451 282 2516 Plinii
296 2451 372 2515 facit
390 2451 528 2516 Ursmus.
551 2452 705 2516 Diaulitas
725 2450 885 2514 Ptolemaei
896 2449 999 2514 credit
1009 2452 1158 2517 Villano·

118 2550 221 2599 vanus.
237 2537 387 2598 leoncloul
396 2535 548 2619 oppidum
565 2537 602 2598 iis
618 2535 765 2598 adscribit
788 2534 970 2596 Marlianus.
1022 2536 1156 2602 Becanus

119 2639 195 2684 vero
219 2621 250 2683 in
275 2621 333 2684 suis
357 2618 530 2692 Atuaticis,
547 2624 645 2681 Linter
667 2620 902 2702 interpretatur:
925 2616 977 2703 qui
1004 2621 1155 2706 pagusell

119 2702 296 2771 Brabantia
313 2703 352 2776 ad
366 2705 479 2766 Getam
499 2703 619 2766 flumen.

164 2791 423 2856 Durocortorum.
435 2787 524 2853 Urbs
538 2785 819 2873 Archiepiscopalis
826 2833 836 2864 ‚
847 2805 939 2874 capot
948 2785 1152 2858 Rhemorum

120 2877 167 2938 la
182 2880 247 2940 ville
262 2880 294 2939 de
316 2879 418 2939 Raima.
466 2906 471 2930 ι
1124 2946 1128 2955 .

164 2961 334 3025 Duranium
352 2959 471 3021 flumen.
502 2954 601 3038 Hujus
620 2957 755 3022 fluminis
771 2956 801 3020 in
818 2956 929 3022 odavo
947 2958 1150 3026 Commenta·

119 3045 216 3110 riode
231 3046 318 3108 Bello
335 3042 461 3105 Gallico
476 3061 587 3104 nomen
602 3042 795 3127 quidemnon
804 3062 904 3115 extat,
925 3044 974 3104 scd
991 3062 1107 3112 tamen
1116 3040 1148 3110 ibi

119 3128 304 3212 defignami,
326 3127 357 3189 in
381 3124 464 3207 cujus
485 3127 649 3192 editiffimo
674 3133 708 3194 &
732 3128 866 3191 maxime
891 3146 1054 3208 praerupto
1079 3132 1149 3197 colle

119 3211 358 3278 Uxellodunum
373 3209 461 3275 litum
475 3211 526 3275 est.
548 3219 590 3274 La
599 3220 699 3277 riotere
708 3213 739 3274 de
749 3215 775 3274 la
786 3211 938 3291 Dordogne.
962 3208 1055 3276 Nam
1069 3217 1147 3300 prio·

117 3296 204 3360 ribus
218 3296 343 3382 quidem
359 3295 551 3379 temporibus
569 3297 721 3363 Duranius
736 3296 843 3359 fluuius
859 3291 971 3368 diuus,
998 3317 1035 3360 ut
1052 3293 1148 3365 Au'so.

116 3381 172 3443 nio
187 3386 220 3447 δε
241 3380 392 3446 Sidonio:
413 3381 628 3462 posterioribus
650 3400 724 3442 vero
742 3377 924 3449 Dordonia,
946 3398 979 3442 ut
997 3383 1147 3469 Gregorio

117 3465 296 3556 Turonenfi.
312 3465 544 3531 Nobiliffimum
560 3470 594 3532 &
609 3464 828 3550 amplissimum
841 3461 951 3529 flumen
967 3467 1147 3553 Aquitania

116 3550 280 3616 secundum
295 3553 495 3618 Garumnam.
552 3584 555 3589 <
609 3632 638 3699 Ε

111 3711 336 3888 ΕΒιιτοηεε,
358 3716 409 3802 qui
425 3719 459 3782 δε
477 3716 600 3815 dulerci
608 3681 789 3794 Eburones,
809 3720 921 3806 Relgae.
944 3719 1147 3793 Trevirorum

80 3904 84 3913 .
182 3808 316 3900 clientes.
338 3805 435 3895 Ebura
450 3802 563 3933 „lomi
601 3805 726 3876 Horum
741 3805 812 3874 urbs
829 3807 921 3877 bodie
936 3806 1148 3964 Leodiorffl

318 4030 321 4037 ‹
