2616 4462
273 303 335 373 'uu
359 300 522 373 Burro
547 295 921 368 Arnxrnnarno.
1057 295 1130 397 613

94 412 248 512 possent:
275 417 493 490 &materiam
504 411 662 487 conotam
672 409 881 509 objicerent,
902 407 997 506 quod
1007 412 1131 487 nosttae

95 512 201 585 clariis
216 515 514 611 oppugnationem
528 512 628 583 ctiam
645 509 686 581 ad
703 529 824 580 tetram
841 505 1057 582 verebantur.
1081 511 1126 582 li·
1153 541 1178 590 2
1274 536 1276 541 ·

92 611 193 696 dem,
219 611 446 709 posteaquam
460 607 681 706 Ganymedes
691 607 725 677 in
734 605 881 677 concilio
892 602 1130 691 confirmavit,

91 706 158 777 sese
176 709 212 778 δε
224 732 297 795 eas,
321 706 515 804 quaeess'ent
528 704 669 788 amissae,
684 702 945 791 restituturum,
961 703 997 777 ὅ(
1009 727 1132 776 nume·
1218 702 1221 708 ’

92 826 171 874 rum
191 804 443 893 adausturum,
469 827 590 902 magna
607 800 712 899 spe&
727 799 853 896 fiducia
870 820 999 872 veteres
1012 799 1131 874 refice·

50 949 53 956 -
91 923 130 972 re
147 925 270 990 naves,
294 901 549 998 accuratiusque
560 900 640 972 huic
657 898 704 971 rei
723 895 856 969 studere
872 916 975 992 atque
989 894 1130 969 inservi-

92 1020 130 1068 re
149 996 390 1071 instituerunt:
415 1023 474 1087 ac,
495 995 625 1069 tametsi
639 992 784 1090 amplius
801 1017 844 1065 cx
856 994 999 1066 navibus
1014 993 1130 1093 longis
1155 1017 1176 1096 3
1215 1003 1219 1013 '

36 1104 39 1109 '
93 1091 249 1188 inportu
268 1095 512 1192 navalibusque
528 1091 726 1181 amiserant,
753 1111 951 1164 nontamen
970 1115 1130 1188 reparan-

93 1189 147 1260 dae
165 1190 269 1263 claffis
295 1193 540 1290 cogitationem
565 1187 824 1285 deposuerunt:
852 1188 1014 1260 videbant
1035 1187 1136 1262 enim'
1202 1218 1206 1227 ’

92 1310 165 1358 non
179 1288 302 1360 auxilia
317 1287 465 1380 Caesari,
489 1313 560 1360 non
577 1306 786 1361 commeatus
805 1285 996 1381 supportari
1013 1285 1130 1379 poss'e,

92 1382 299 1482 ficlaffeipsr
316 1388 480 1460 valerent.
506 1387 674 1458 Praeterea
687 1383 812 1456 nautici
825 1383 1000 1468 homines,
1025 1387 1127 1458 &nr-
1150 1415 1177 1493 4

91 1478 143 1551 bis
158 1482 194 1554 &
210 1484 360 1581 regionis
377 1483 555 1556 maritimae
573 1540 583 1573 ,
608 1481 881 1580 quotidianoque
898 1479 960 1551 usu
979 1479 998 1550 a
1014 1481 1128 1574 puetis

91 1579 266 1654 exercitati
286 1638 296 1666 ,
322 1599 334 1632 ¹
354 1582 396 1652 ad
416 1581 567 1654 naturale
586 1604 624 1650 ac
639 1578 866 1652 domesticum
883 1575 1016 1649 bonum
1035 1575 1128 1651 refu·

91 1698 174 1771 gere
189 1679 393 1775 cupiebant:
420 1681 476 1762 &,
498 1696 665 1775 quantum
684 1674 833 1772 parvulis
851 1674 994 1772 navigiis
1010 1674 1126 1771 profe-

11 1836 14 1840 ,
91 1772 237 1863 cissent,
261 1776 446 1850 sentiebant
465 1802 474 1848 :
500 1776 614 1873 itaque
638 1775 735 1847 omni
754 1770 866 1845 studio
882 1770 924 1842 ad
943 1771 1125 1867 parandam

92 1866 225 1942 class'em
243 1872 485 1947 incubuerunt.
601 1892 603 1897 ⁴

138 1966 244 2038 ΧΠΙ.
269 1970 378 2041 Erant
397 1970 560 2047 omnibus
575 1967 668 2044 ostiis
687 1966 766 2041 Nili
782 1963 945 2041 custodiae
960 1965 1124 2064 exigendi
1154 1994 1169 2044 r

91 2064 238 2158 portorii
255 2066 362 2137 causs'a
378 2065 556 2161 dispositae.
579 2067 698 2153 Naves
715 2087 844 2140 veteres
860 2083 955 2136 erant
978 2082 992 2120 2
1011 2065 1044 2135 in
1066 2088 1126 2136 oc-

90 2160 193 2234 cultis
211 2163 314 2260 regiae
337 2163 540 2248 navalibus,
571 2165 697 2260 quibus
716 2162 833 2235 multis
855 2160 950 2233 annis
967 2159 1009 2231 ad
1030 2161 1126 2233 navi-

90 2259 243 2354 gandum
261 2284 332 2332 non
350 2283 444 2332 etant
461 2259 523 2343 usi.
549 2261 623 2333 Has
640 2253 859 2346 reficiebant3
884 2259 955 2330 illas
974 2257 1126 2340 Alexan·

88 2356 195 2426 driam
213 2358 429 2430 revocabant.
456 2359 721 2431 Deerantremi:
741 2358 912 2454 porticus,
927 2354 1123 2454 gymnafia,
1148 2393 1173 2442 2

89 2453 233 2525 aedificia
249 2455 386 2552 publica
396 2455 619 2552 detegebant:
639 2455 939 2530 asseresremorum
953 2453 1050 2525 usum
1061 2453 1126 2527 ob·

90 2548 244 2623 tinebant
267 2578 275 2623 :
301 2553 394 2626 aliud
411 2549 571 2624 naturalis
591 2550 758 2642 sollertia,
780 2550 873 2624 aliud
890 2549 986 2623 urbis
1002 2551 1123 2647 copia,

88 2643 372 2723 subministrabat.
407 2649 589 2722 Postremo
609 2671 680 2723 non
699 2648 839 2748 longam
869 2647 1175 2753 navigationem-3-

88 2742 270 2838 parabant,
287 2744 342 2818 sed
359 2746 531 2844 praesentis
540 2747 705 2845 temporis
715 2743 896 2819 necessitati
913 2743 1124 2836 serviebant,

87 2843 125 2913 &
142 2841 175 2911 in
192 2840 264 2937 ipso
280 2864 385 2938 portu
405 2844 665 2942 confligendum
678 2842 852 2915 videbant.
877 2841 1125 2941 ltaquepaucis
1172 2914 1175 2919 .

88 2938 228 3026 dicbus,
253 2961 373 3012 contra
386 2941 542 3012 omnium
552 2941 775 3038 opinionem,
791 2937 1021 3036 quadriremes
1031 2963 1124 3027 xxu,

90 3036 354 3133 quinqueremes
371 3061 393 3107 v
409 3036 633 3111 confecerunt
652 3065 661 3111 ε
686 3037 728 3110 ad
741 3038 799 3109 has
815 3036 965 3120 minores
980 3036 1122 3132 apertas·
1140 3061 1173 3140 ·4
1203 3048 1205 3051 ’

88 3157 156 3230 que
175 3135 371 3233 complures
386 3134 603 3232 adjecerunt3
626 3136 685 3226 &,
709 3135 861 3231 inportu
880 3133 1059 3231 periclitati
1071 3159 1124 3206 re-

1058 3256 1125 3303 mr-

121 3397 143 3428 r.
166 3383 210 3426 ord
223 3379 587 3440 naturaleirdomessicumbonum
620 3383 687 3444 Rom.
706 3379 757 3425 Ven.
775 3375 875 3426 Reroald.
893 3377 916 3423 in
933 3378 1018 3423 occultis
1034 3381 1124 3440 regionis
1197 3433 1200 3442 Ι

86 3447 183 3508 refugere
199 3450 328 3509 cupiebant]
355 3449 392 3495 Sic
412 3462 442 3495 ex
459 3443 588 3496 vetustiifi-
620 3444 760 3498 navalibus,
778 3441 925 3505 qualebio
948 3456 1001 3490 non
1018 3443 1122 3505 placet,

86 3512 136 3560 mis
152 3515 178 3560 oc
192 3509 339 3562 fidelissimis
357 3509 542 3578 exemplaribus
550 3513 588 3561 le·
620 3524 677 3558 cum
699 3508 795 3571 liqueat
813 3507 872 3557 <hac
888 3509 991 3558 navalia
1007 3508 1122 3558 Alexan·

85 3581 124 3642 git
149 3583 195 3625 Pet.
215 3580 317 3625 Victorius
333 3585 393 3628 var.
410 3579 480 3628 Lest.
497 3577 542 3628 lib.
562 3595 587 3628 x.
620 3574 678 3624 driae
697 3569 768 3622 fuisse
785 3570 841 3623 fita.
866 3580 908 3624 An
924 3570 1082 3624 scribendum
1098 3581 1123 3624 in

84 3642 142 3708 ξαρ,
161 3656 235 3690 xarv.
260 3645 358 3692 cumin
376 3648 430 3694 MS.
448 3647 474 3695 ὃ(
492 3642 588 3695 excufis
622 3644 707 3690 occultis
722 3642 776 3702 regis
790 3643 931 3690 navalibus?
956 3644 995 3690 Ea
1011 3654 1078 3688 certe
1094 3642 1123 3691 in

85 3713 184 3775 legatur
204 3707 543 3770 adnaturatcmudomesticum
562 3729 589 3759 u·
619 3708 718 3773 palatio
733 3703 1122 3773 regiofuiffe‚v'ixctediderim.

82 3778 143 3838 sum.
178 3778 262 3822 ritant.
618 3777 712 3827 Daviet.

121 3859 146 3894 2.
164 3847 190 3890 In
199 3840 283 3888 occultis
296 3840 355 3904 regie
365 3841 498 3902 navalibus]
507 3838 587 3892 editt.

784 3912 863 3973 03³
