2616 4462
215 260 295 366 4'48
448 255 495 334 G.
515 258 549 357 J.
573 256 797 335 Onsims·
817 251 1070 333 contuitum
1100 296 1105 304 ·

213 384 281 459 bus
298 406 399 482 opem
415 382 690 483 ferrepoterant3
710 381 843 481 equites
857 403 940 454 vero
965 395 976 430 ¹
995 405 1040 454 ex
1053 379 1135 453 looo
1148 374 1251 475 supee

215 482 305 554 riore
324 484 359 554 in
380 482 538 555 adversos
547 481 611 555 tela
635 479 879 578 conjiciebant:
905 493 1014 551 ²tum
1022 499 1151 577 magno
1173 496 1251 549 erae

162 575 193 671 '4
216 578 253 651 in
270 578 424 677 periculo
441 605 520 666 res3
544 601 620 652 tum
633 578 887 676 inquirebant,
912 597 984 665 ut,
1019 584 1129 672 quum
1156 571 1246 671 ejus-

213 676 310 750 modi
323 676 496 749 effetiocis
509 677 844 774 appropinquatum,
868 675 1047 771 legionum
1057 670 1149 771 figna
1159 694 1247 771 con-

193 827 195 835 s
213 772 327 846 fistere
341 773 531 871 juberent,
556 796 751 872 magnoque
776 776 907 870 impetu
922 774 1117 868 ,equitatum
1134 768 1249 865 repeti

212 868 346 957 letent3
364 896 406 944 eo
415 869 612 959 summoto,
632 892 769 967 repente
786 870 926 942 incitato
936 866 1038 941 cursu
1056 864 1120 939 sese
1127 864 1162 939 in
1173 866 1249 938 val-

213 966 262 1039 les
280 966 429 1041 universi
451 968 629 1041 demittere
647 1025 658 1058 ‚
683 988 786 1066 atque
808 966 853 1038 ita
870 962 1063 1063 transgredi
1081 961 1191 1036 rursus
1206 964 1246 1038 in

164 1090 191 1173 5
214 1065 297 1137 locis
313 1063 543 1161 superioribus
558 1063 747 1137 confistere.
779 1088 855 1136 nam
874 1084 1007 1135 tantum
1027 1061 1109 1134 abe
1135 1059 1246 1135 uitum

213 1161 355 1234 suorum
371 1161 508 1233 auxiliis
524 1161 684 1250 aberant,
709 1185 859 1259 quorum
879 1182 1062 1232 numerum
1079 1159 1122 1230 ha
1166 1157 1249 1232 bant

214 1281 382 1356 magnum
400 1315 411 1348 ‚
436 1279 475 1332 ut
490 1280 547 1331 eos
570 1258 799 1356 superioribus
815 1256 1011 1353 perterritos
1027 1254 1162 1352 proeliis
1178 1310 1191 1343 ‚
1206 1256 1251 1331 in

214 1356 368 1429 medium
395 1357 582 1452 reciperent
606 1379 760 1454 agmen,
783 1356 947 1451 ultroque
963 1378 1021 1428 eos
1046 1373 1251 1441 tuerentut3

215 1476 367 1548 quorum
380 1452 467 1524 nulli
482 1477 525 1524 ex
540 1453 659 1527 itinere
672 1451 986 1544 excedereliecbat,
1001 1449 1140 1550 quinab
1150 1449 1252 1549 equi-2

63 1590 71 1607 ·
218 1569 292 1622 tatu
310 1549 685 1647 Caesarisexciperetut.
972 1635 975 1640 ¹

173 1663 190 1715 1
263 1646 427 1720 LXXX.
450 1646 532 1720 Tali
546 1648 630 1720 durn
648 1638 1080 1747 pugnaturmodo,lente‚
1103 1644 1250 1743 ucpaula

217 1742 311 1815 latim
327 1743 544 1839 proceditur,
562 1744 773 1842 crebroque,
796 1766 834 1817 ut
851 1744 915 1817 fint
925 1744 1054 1816 auxilio
1069 1741 1153 1824 suis,
1168 1741 1249 1816 suba

170 1856 195 1908 2
220 1839 368 1929 fistunt,
393 1862 432 1912 ut
448 1861 523 1914 tum
539 1841 671 1916 accidit.
693 1842 799 1914 millia
812 1841 903 1914 enim
920 1836 1085 1939 progredi
1107 1864 1163 1928 tv,
1187 1864 1251 1913 ve³

217 1937 478 2034 hementiusque
493 1939 668 2037 peragitati
687 1939 730 2010 ab
753 1939 908 2034 equitatu
928 1995 938 2027 ,
964 1956 1117 2009 montem
1133 1936 1250 2009 excela

217 2033 291 2107 sum
309 2036 447 2132 capiunt
465 2036 618 2133 :ibique
637 2039 703 2108 unit
726 2034 745 2108 ὲ
767 2033 881 2108 fronte
902 2048 1022 2108 contra
1043 2031 1173 2107 hostem
1190 2056 1249 2103 cae·

172 2141 195 2227 3
220 2131 284 2203 stra
302 2131 491 2222 muniunt,
515 2132 806 2231 nequejumentis
820 2156 923 2206 onera
940 2131 1134 2229 deponunt.
1173 2127 1250 2203 Ubi

220 2228 361 2301 cesaris
377 2229 479 2300 castra
497 2229 603 2326 pofita
629 2284 641 2318 ‚
674 2228 957 2327 tabernaculaque
978 2226 1187 2317 constituta,
1211 2229 1251 2301 tt

224 2344 236 2384 ³
256 2324 1188 2427 dimissosequrtcs,pabulandica'ussa,unimadvertere;
1201 2321 1253 2494 sp·

600 2468 603 2473 -
1231 2445 1250 2495 o

213 2565 281 2605 nova
297 2549 331 2600 est
347 2547 416 2599 verbi
432 2553 513 2602 notio.
532 2552 578 2604 Pie.
597 2557 714 2603 cucumae
747 2555 815 2618 ga'ta.
844 2553 917 2616 Le'go
930 2555 980 2615 ope
997 2546 1092 2599 codicis
1110 2542 1251 2597 Feavimir

212 2619 255 2667 hic
275 2619 418 2665 laborantibus
438 2617 582 2685 importune
605 2623 713 2687 reponit.
745 2633 794 2664 rum
807 2633 882 2680 magno
899 2633 945 2664 erar
962 2622 985 2664 in
997 2617 1090 2680 periculo
1107 2634 1149 2665 rer.
1165 2616 1248 2683 Μαί·

213 2680 308 2731 Davies.
677 2714 680 2719 -
748 2684 834 2731 rebatur
855 2696 879 2728 ut
897 2699 945 2728 cum
960 2682 1063 2743 ejusmodi
1079 2682 1128 2742 effer
1142 2684 1190 2729 locis
1206 2691 1249 2740 ap·

253 2763 274 2798 1.
293 2753 328 2794 Ex
343 2748 385 2795 loco
391 2746 498 2810 superiore
512 2751 534 2794 in
548 2750 665 2810 adverfhs]
683 2755 715 2798 E·
745 2751 932 2813 propinquarum,
948 2751 1052 2811 legionum
1065 2746 1126 2811 stgru
1141 2743 1248 2803 confistere

216 2813 275 2863 ditt.
293 2819 359 2879 Rom.
379 2818 429 2862 Ven.
446 2816 542 2864 Beroald.
563 2813 657 2863 habent
675 2819 715 2862 ad·
741 2817 849 2874 juberent.
868 2811 947 2878 (Cum
963 2817 1083 2860 petaviano
1098 2810 1191 2863 Codice
1206 2806 1249 2857 sa·

217 2880 342 2938 versarios;
360 2873 402 2926 sed
417 2879 555 2945 legendum
569 2882 666 2941 eversus.
682 2887 715 2929 E·
748 2881 781 2927 cit
795 2883 847 2928 MS.
864 2874 977 2943 Noroic.)
994 2882 1051 2927 Haed
1072 2876 1180 2944 genuitiit
1196 2875 1250 2926 loci

216 2947 326 3009 quiracus
340 2944 409 2992 enim
425 2941 529 2994 Caesaris
537 2947 633 2995 milites
642 2945 716 2995 Afra·
738 2945 843 3002 detero,
863 2959 939 3008 quam
952 2958 1006 2992 non
1020 2942 1099 2993 facile
1114 2943 1253 3009 quisinge⁴

215 3012 307 3058 nianos
322 3007 436 3074 sequutus
447 3013 490 3069 ,in
499 3027 543 3059 eos
554 3011 716 3077 progredien-
748 3010 793 3059 nio
810 3007 938 3058 adsecutus
948 3005 1048 3066 ruiffet,
1065 3007 1111 3058 nifi
1124 3023 1201 3074 opem
1209 3020 1252 3056 tu-

215 3089 254 3124 tes
269 3077 322 3124 tela
339 3076 507 3138 conjiciebat,
525 3092 552 3125 ac
567 3075 673 3142 proinde
688 3079 715 3126 in
748 3073 831 3124 lisscnt
849 3075 957 3125 codices.
984 3080 1046 3124 Sane
1069 3078 1188 3124 ciacconius
1206 3071 1253 3122 de⁴

216 3140 336 3190 aversos.v
351 3142 465 3192 Eandem
488 3143 626 3192 restionem
645 3146 713 3195 Fulv.
748 3155 879 3206 pravarum
901 3142 1030 3206 agnovit3
1056 3153 1170 3191 caetetum
1186 3152 1253 3203 quo·

215 3209 295 3265 vrfino
313 3209 338 3255 δι
355 3212 393 3257 Fr.
405 3216 536 3256 normanno
552 3205 668 3275 placuisse
678 3211 715 3258 vi·
747 3206 826 3256 modo
835 3204 1076 3263 restitueretur‚nihil
1086 3204 1192 3255 addidit.
1200 3208 1254 3252 Et-

145 3326 154 3338 ·
216 3272 289 3330 deo,
314 3275 373 3320 licet
398 3276 525 3321 rationem
541 3291 592 3323 non
610 3270 714 3324 addide‘-
752 3288 793 3320 ror
808 3266 1254 3336 ortusexptaemiss'aparticulatum‚

214 3340 290 3394 rint,
316 3337 348 3386 ob
363 3352 440 3402 quam
463 3341 515 3388 illis
533 3342 569 3388 ita
584 3339 716 3392 videretur.
752 3352 829 3453 guam
846 3336 962 3387 librarius
987 3338 1116 3402 impetitus
1133 3346 1253 3402 repetem·

214 3407 284 3453 Idem.
528 3438 531 3442 -
770 3404 928 3468 amputavit.
962 3407 995 3449 1).
1009 3401 1094 3464 Voffiusi

250 3481 273 3519 2.
298 3467 354 3515 Tum
370 3487 444 3537 magno
460 3484 506 3517 erar
523 3473 545 3518 in
557 3475 648 3533 perterriti
663 3489 715 3529 re53
785 3486 807 3524 3.
826 3471 931 3530 Dimiffos
945 3473 1025 3532 equites
1042 3465 1254 3531 ,pahlandicaufiu

215 3549 263 3583 tum
279 3538 437 3599 inquirebant]
464 3541 545 3584 Locus
569 3535 717 3603 corruptiffi·
745 3536 793 3595 fit,
810 3536 997 3595 animadvertere]
1015 3530 1093 3599 Editt,
1111 3536 1180 3646 Ram.
1199 3535 1251 3579 Ven-

215 3616 288 3659 mus,
307 3599 517 3665 neciquoqu'am
534 3602 717 3651 haetenusten-
748 3603 848 3652 Beroald.
864 3602 1060 3657 animadvertunt,
1076 3610 1127 3664 quo
1160 3597 1255 3645 melius‘

214 3679 282 3714 ratus
297 3679 384 3730 preter
401 3673 561 3714 Hotomannum
581 3702 589 3726 ,
614 3670 656 3733 qui
671 3683 717 3733 pro
748 3663 782 3714 est
800 3666 833 3715 ob
856 3666 932 3717 verba
953 3663 1080 3730 prese-‚ntis
1103 3663 1254 3728 temporis,

214 3735 350 3795 inquirerent
380 3731 524 3781 emendavit
556 3737 717 3797 requirebant.-
749 3747 802 3797 quae
818 3729 960 3799 sequuntur.
978 3737 1013 3781 At
1032 3735 1087 3781 MS.
1105 3726 1254 3779 Nor-vicba-

216 3796 284 3851 male
300 3794 399 3861 fateor,
415 3796 459 3852 sed
470 3799 561 3853 melius
578 3800 718 3868 quamvul·
748 3796 792 3851 bet
806 3803 905 3873 mimum
920 3799 1040 3863 urserunt
1056 3831 1065 3862 2
1082 3800 1109 3853 ὃς
1126 3794 1256 3930 baffi}
