2616 4462
281 318 341 372 oe
374 300 534 373 Becco
561 282 833 373 Arurctito.
1014 323 1083 398 7¹1

55 416 99 492 fis
122 413 269 516 ejusdem
287 415 391 515 partis
412 416 573 505 civibus,
597 416 808 497 incolumem
830 416 954 490 reverti
976 419 1085 490 malle.
1222 469 1225 472 -

57 519 174 614 Atque
184 515 285 588 etiam
303 512 478 612 superbius
492 513 753 608 Jubaefadtum,
777 515 893 589 nonin
910 516 961 585 M.
975 516 1083 614 Aqui·
1109 544 1134 622 4

57 615 152 686 nium
169 613 346 686 hominem
365 636 516 695 novum,
542 612 756 708 parvumque
775 613 976 685 Senatorem
995 669 1005 700 ,
1032 612 1088 684 sed

56 709 92 780 io
107 709 303 807 Scipionem
318 765 328 798 ,
345 709 519 781 hominem
538 709 595 780 illa
609 707 751 791 familia,
776 710 960 811 dignitate,
980 711 1090 781 hono-

55 807 219 904 tibusque
238 806 452 902 praestantem
473 829 482 876 ε
508 829 585 891 nam
612 830 721 902 quum
739 807 854 902 Scipio
871 806 990 904 sagulo
1007 831 1089 901 pur·
1114 827 1139 905 5

84 929 168 976 ureo
183 903 357 1000 ametegis
373 902 560 975 adventum
578 923 628 975 utr
639 904 755 976 solitus
770 903 869 986 ell'et,
886 905 1012 976 dicitur
1026 904 1088 996 Ju-

55 928 99 1071 ζει
121 1025 201 1073 cum
217 1025 259 1073 eo
275 1001 407 1098 egisse,
431 1024 502 1072 non
517 1020 676 1096 oportere
698 999 797 1072 illum
817 1001 939 1075 eodem
961 1001 1011 1073 uti
1030 1026 1088 1072 ve·
1130 1088 1134 1095 ¹

56 1097 162 1187 stitu,
186 1117 288 1194 atque
303 1095 546 1194 ipseuteretur.
565 1096 901 1194 Itaquefadtumest‚
930 1115 939 1147 ¹
960 1120 998 1170 ut
1015 1099 1086 1171 Sei·
1113 1098 1138 1171 6

55 1194 115 1292 pio
129 1197 170 1268 ad
185 1193 302 1267 album
313 1195 379 1268 sese
395 1193 557 1267 vestitum
569 1193 787 1285 transferret,
812 1197 848 1268 &
859 1195 959 1289 juba
973 1196 1088 1268 homi·

56 1291 93 1362 ni
109 1291 342 1387 superbissimo
360 1289 627 1390 inertiffimoque
645 1294 907 1389 obtemperaret.

106 1389 242 1464 LVIII.
270 1389 412 1462 Postero
425 1388 480 1461 die
496 1389 665 1463 universas
681 1392 842 1462 omnium
853 1391 965 1486 copias
981 1389 1025 1464 de
1037 1414 1089 1461 ca·
1118 1411 1133 1457 t

57 1483 513 1572 strisomnibusdeducun'm
531 1487 593 1560 &2
611 1487 827 1584 supercilium
838 1490 1011 1584 quoddam
1028 1512 1088 1559 ex-

57 1584 184 1656 celsum
202 1582 291 1657 naui
308 1609 378 1655 non
399 1583 503 1680 longe
518 1584 539 1654 ai
557 1582 698 1655 Caesaris
713 1585 942 1657 castrisuciem
964 1584 1089 1656 consti-

58 1701 184 1765 tuunt,
207 1702 309 1779 atque
324 1680 370 1752 ibi
388 1679 588 1753 consistunt.
623 1678 738 1752 Caesar
752 1680 834 1753 item
850 1682 1010 1776 producit
1027 1706 1085 1753 co·
1113 1709 1138 1759 2

56 1780 148 1874 pias,
175 1779 396 1872 celeriterque
413 1778 451 1849 iis
469 1775 661 1862 iustrudtim
686 1797 763 1849 ante
779 1777 1088 1869 suasmuni'tiones,
1168 1840 1170 1849 .

56 1900 137 1973 quae
152 1897 246 1948 erant
258 1875 294 1946 in
310 1898 450 1969 campo,
473 1873 647 1960 constitit3
671 1873 739 1946 fine
754 1873 862 1969 dubio
876 1869 1089 1960 existimaris,

58 1973 153 2045 ultro
167 1970 391 2056 adversarios,
416 1995 525 2068 quum
539 1991 605 2054 tam
622 1972 753 2069 magnis
771 1972 876 2066 copiis
887 1971 1090 2069 auxiliisque

55 2070 145 2169 regis
162 2067 441 2163 esl'ent'praediti,
465 2069 724 2166 promptiusque
743 2068 993 2164 prosiluissent,
1009 2090 1089 2140 ante

56 2167 89 2240 se
105 2165 361 2252 concursuros,
386 2165 592 2263 propiusque
616 2167 647 2238 se
670 2165 870 2240 accessuros.
902 2168 1007 2267 Equo
1024 2166 1088 2238 cir·
1114 2180 1136 2269 3

57 2261 278 2350 cumdius,
305 2261 524 2360 legionesque
539 2263 735 2335 cohortatus
753 2319 761 2346 ,
788 2262 885 2384 figoo
902 2267 1009 2347 dato,
1033 2289 1087 2336 ac-

58 2362 183 2433 cell'um
196 2359 345 2433 hostium
363 2361 615 2456 aucupabatur:
633 2359 799 2457 ipseeuim
812 2362 906 2434 astris
923 2359 1089 2435 munitio·
1154 2359 1169 2386 ⁵
1210 2361 1212 2365 ’

59 2456 161 2528 nibus
176 2457 315 2554 longius
332 2481 402 2528 non
422 2456 489 2529 fine
508 2458 638 2545 ratione
655 2481 725 2528 non
745 2459 967 2553 procedebam
991 2459 1088 2556 quod

58 2554 94 2626 in
110 2552 238 2650 oppido
256 2553 391 2644 Uzitae,
413 2556 508 2651 quod
520 2554 635 2652 Scipio
651 2553 811 2646 tenebat,
827 2556 977 2630 hostium
992 2578 1089 2631 erant

56 2651 374 2724 cohortesarmatae.
400 2652 522 2723 Eidem
537 2674 651 2726 autem
667 2651 797 2747 oppido
808 2652 848 2723 ad
868 2657 1029 2728 dextrum
1042 2654 1088 2724 la·
1112 2672 1137 2748 4

57 2768 114 2823 tus
128 2747 201 2851 ejus
216 2771 324 2819 cornu
340 2767 409 2820 erat
426 2747 622 2848 oppositum
642 2775 651 2821 :
680 2748 950 2848 verebaturque,
974 2763 1036 2838 tre,
1063 2751 1088 2822 ti

1000 2872 1092 2944 prae-

88 3010 111 3046 1.
129 3002 163 3044 vr
174 2997 244 3060 Scr'pr'o
258 2996 288 3044 ad
304 2995 376 3042 album
388 2993 436 3054 sese
454 2992 556 3052 vestitum
586 2993 673 3041 cilium
697 2990 781 3040 Iocum
800 2992 996 3045 emineatiorem
1016 3030 1023 3052 ,
1047 2989 1089 3043 seu

56 3063 202 3122 transferret]
228 3067 258 3110 In
273 3061 347 3110 editt.
365 3066 432 3125 Rom.
450 3064 499 3108 Vm.
518 3063 558 3104 tre.
586 3056 757 3107 summitatem
773 3055 888 3109 denotat.
906 3061 943 3108 Sic
963 3060 1027 3125 apud
1038 3064 1089 3108 Vir-

57 3130 127 3176 rorte.
150 3143 282 3194 perperam
300 3126 439 3191 legiturad
453 3124 559 3184 aliumse
584 3127 662 3187 gitium
680 3122 929 3188 Geotg.lib.1,1ot.

57 3190 166 3249 vestitum.
182 3200 212 3244 la
223 3195 344 3260 proelium
360 3188 507 3240 exeuntibus
522 3190 559 3237 al·
621 3194 673 3236 Ecce
695 3185 827 3258 supercil'to
849 3192 924 3251 clivost
936 3193 1031 3253 aramma
1046 3206 1088 3237 ua·
1153 3213 1156 3219 Α

57 3257 143 3314 bum,
171 3274 213 3309 aut
227 3273 376 3326 purpureum
393 3255 560 3322 paludamen·
655 3256 706 3302 dam

57 3338 113 3375 tum
136 3322 190 3377 dati
213 3323 292 3378 solere
309 3323 395 3374 scribit
415 3326 463 3373 Vel.
482 3324 560 3368 Maxi·
624 3324 698 3371 Elicit.

58 3408 108 3439 mus
116 3387 160 3438 lib.
177 3405 198 3439 1.
216 3407 319 3456 capvt.
341 3395 379 3439 De
388 3390 496 3457 puniceo
504 3388 560 3452 qui-
590 3384 640 3436 ubi
648 3390 756 3446 Servius,
771 3391 903 3447 altitudine,
919 3386 1002 3452 inquit
1012 3381 1092 3448 ‚sumss

59 3456 119 3504 dem
144 3455 394 3506 colore‘testimoaia
416 3454 471 3505 sunt
491 3469 560 3504 com·
591 3457 807 3505 mirarererrarum.
841 3460 897 3504 Hoc
920 3470 975 3504 cum
991 3453 1091 3522 sugeret
1128 3475 1131 3479 ·

57 3521 163 3589 pluria,
180 3534 233 3569 non
246 3523 309 3572 item
326 3519 357 3570 de
374 3521 435 3572 albo
451 3538 458 3569 :
474 3522 561 3584 itaque
591 3535 652 3577 eos,
669 3519 712 3582 qui
729 3535 843 3570 curarunt
862 3521 935 3572 editt.
953 3527 1020 3585 term.
1039 3526 1089 3570 Ven.

57 3601 154 3638 novum
170 3585 295 3649 quidem,
311 3585 380 3652 quod
398 3587 477 3638 deco
499 3589 562 3633 Vate—
592 3587 698 3645 acroam,
709 3585 750 3635 hic
767 3588 837 3637 Iocus
858 3588 886 3636 in
908 3588 940 3635 iis
957 3587 1040 3636 codd.
1058 3584 1092 3634 fic

55 3659 224 3712 rium-vetum
237 3663 324 3701 tamen
333 3650 374 3701 hic
397 3657 468 3705 Iocus
482 3650 562 3704 osten·
593 3654 686 3719 legitur
702 3653 768 3716 super
783 3657 853 3701 airum
868 3655 974 3719 quendam
989 3653 1093 3713 excelsum

60 3719 109 3769 dit.
145 3723 222 3766 trram.
593 3735 674 3767 natura
689 3722 758 3766 Iocum
766 3739 807 3767 non
816 3719 896 3782 sergeri
908 3719 1093 3781 Cefarr'rcastrir,

93 3801 116 3834 2.
136 3785 277 3847 Supercilium
290 3778 563 3846 quiddamexeelsrrmna·
593 3796 759 3896 corruptaque
774 3785 825 3835 haec
840 3783 918 3833 lestio
933 3785 1096 3853 Joarrffqbellr'g
1175 3840 1178 3846 Ι
1201 3832 1207 3840 ,
1265 3784 1270 3789 '

58 3853 90 3918 (li
103 3869 147 3907 aaa
163 3853 221 3919 lorge
238 3845 254 3899 ri
273 3849 361 3920 cesarie
378 3848 463 3917 restris]
479 3853 567 3920 Supetss
595 3866 673 3903 cannen
686 3847 793 3966 seYellit.
825 3852 922 3916 Deteret,

705 3975 708 3981 .
734 3929 784 3981 Η
