2616 4462
257 263 323 320 nu
344 241 509 315 Bruto
531 238 699 314 Crvrrr
722 239 822 314 [η.
843 244 907 317 111.
1039 262 1116 346 507

80 372 234 457 tionem,
249 367 287 440 ὅ(
298 385 421 464 portus
431 387 552 440 omnes
565 363 709 456 timens,
728 387 816 462 quos
825 364 930 439 teneri
943 366 986 439 ab
997 369 1120 443 adver-

84 469 170 543 sariis
195 462 425 539 arbitrabatur
449 521 460 556 ,
491 479 503 514 1
523 462 661 533 adeum
685 462 827 553 locum,
851 463 912 560 qui
928 466 1119 561 appellatur

80 564 292 654 Pharsalus,
324 562 500 636 omnibus*
514 558 661 636 navibus
682 560 845 632 adunam
864 561 1119 658 incolumibus,

62 699 65 712 ·
76 664 210 739 milites
223 658 397 758 exposuit.

127 762 166 836 V
177 760 234 832 ll.
259 758 343 830 Erat
359 753 461 830 Orici
477 753 664 829 Lucretius
679 752 837 851 Vespillo
855 809 866 844 ,
891 753 927 826 ὅ(
944 755 1122 830 Minucius
1149 789 1166 840 1

75 855 210 935 Rufus
225 879 306 928 cum
324 852 477 928 Afiaticis
503 852 647 926 navibus
669 876 789 926 xrrx:
822 849 950 948 quibus
964 854 1056 949 jussu
1077 854 1124 925 D.

77 954 194 1032 Laelii
207 971 395 1050 praeerant3
421 951 476 1022 M.
496 950 643 1023 Bibulus
660 973 741 1022 cum
759 951 903 1021 navibus
920 974 967 1021 cx
986 950 1125 1050 Corcy-

79 1078 150 1129 rae.
177 1070 193 1105 2
210 1048 386 1149 sedneque
401 1047 426 1122 ii
437 1046 629 1123 fibiconfisr
645 1072 688 1121 ex
699 1066 804 1146 portu
820 1046 959 1144 prodire
976 1046 1125 1122 suntau-
1148 1074 1175 1127 ι

1077 1145 1216 1236 su.

86 1301 122 1347 lia
138 1300 183 1346 loca
201 1298 318 1363 periculosa
333 1294 426 1364 possint
442 1291 490 1346 esse
506 1300 586 1362 Syrtes
622 1314 690 1347 renas.
708 1301 812 1347 Lucano
830 1294 911 1361 ipsam
928 1301 1031 1365 Epyron
1047 1313 1125 1349 roca·

84 1367 115 1417 ἃ
132 1363 224 1415 brevia.
244 1362 309 1416 Vide
321 1367 434 1428 Virgilium
441 1368 495 1413 AEn.
507 1378 586 1420 1,115.
622 1364 660 1421 ri,
679 1360 709 1430 ab
720 1362 779 1412 urbe
790 1363 829 1419 cui
839 1378 933 1412 nomen
943 1369 1038 1411 Phoenice
1049 1382 1057 1411 .·
1070 1381 1126 1415 me-

81 1435 182 1483 Davies.
621 1441 705 1478 morat
721 1444 777 1478 eam
785 1427 901 1493 Polybius
909 1427 1053 1495 Liuiusque,
1063 1433 1126 1483 &in

119 1512 141 1547 r.
160 1497 207 1544 „Ad
222 1512 273 1544 eum
290 1498 360 1542 lacum
378 1527 385 1550 ,
408 1497 447 1558 qui
470 1494 589 1558 appellatur
624 1495 742 1543 Chaonia
756 1493 804 1543 lita
820 1493 862 1544 est.
882 1499 950 1545 Nam
961 1496 1029 1561 quod
1040 1497 1070 1546 de
1079 1504 1126 1547 Pa·

83 1563 229 1623 Pharsalus]
245 1559 362 1611 Profet‘to
379 1559 424 1609 etsi
440 1562 478 1608 ita
494 1558 588 1608 liabent
625 1559 689 1609 laste
709 1559 767 1610 urbe
783 1561 816 1610 ad
826 1565 972 1618 Lucanmrr,
989 1563 1034 1611 alii
1051 1561 1126 1614 diffe-

84 1643 176 1679 omnes
193 1626 267 1685 mlii,
285 1625 374 1691 quibus
391 1625 424 1674 ufi
435 1622 534 1682 sumus,
551 1639 590 1674 ta·
624 1639 681 1675 runt
698 1660 706 1684 ‚
728 1639 755 1675 ut
773 1627 826 1676 dixi
849 1662 856 1683 ‚
880 1642 926 1675 nec
944 1623 992 1676 asse
1009 1632 1125 1683 emerim.

85 1708 150 1742 men
166 1693 209 1741 uix
223 1692 373 1743 crediderim
382 1687 470 1740 sanum
487 1687 535 1740 else
552 1694 589 1740 lo·
625 1689 723 1741 Marsus
745 1705 832 1742 tamen
850 1693 877 1740 in
901 1690 1005 1741 Caesaris
1020 1696 1125 1758 podice,

85 1774 147 1807 eum
163 1774 172 1807 z
195 1772 249 1808 eum
265 1754 378 1808 Pharsali
395 1757 474 1823 prope
496 1762 590 1806 cerm·
627 1757 750 1807 Chalcide
766 1757 867 1808 Euboeae
881 1755 896 1806 ir
911 1754 935 1805 se
954 1772 1042 1818 emto,
1058 1761 1126 1813 affir-

88 1825 150 1873 nios
165 1838 262 1875 montes
279 1825 363 1873 nullus
380 1825 533 1873 meminerit.
552 1827 589 1871 Ex
625 1836 678 1872 mat
693 1821 819 1891 selegisse
837 1825 941 1883 Palaste,
957 1827 1056 1876 eoloco
1075 1844 1126 1894 quo

90 1894 194 1941 Lucano
204 1890 344 1943 remedium
360 1890 420 1938 loco
436 1889 553 1954 liuicpeti
565 1904 592 1937 o·
627 1891 654 1937 in
670 1891 780 1954 vulgatis
790 1889 824 1939 est
841 1891 967 1950 Pharsalus.
984 1895 1080 1942 Vererre
1094 1911 1139 1945 arr.

108 1954 207 2007 orrebat
216 1990 224 2015 ‚
233 1954 277 2007 sed
285 1958 315 2004 in
323 1969 355 2003 eo
362 1956 472 2020 legimus
480 1956 593 2005 haever-
626 1954 692 2004 salso
699 1957 745 2004 ille
752 1957 847 2030 optime
856 1952 926 2003 scivit
939 1970 946 2001 ε
962 1954 1012 2005 hoc
1021 1973 1070 2023 ego
1080 1960 1130 2008 ad-

86 1971 137 2077 ea·
338 2070 344 2079 ,
628 2019 728 2069 firmare
737 2030 813 2070 aurrm
822 2018 913 2079 ‚sifuit
922 2035 952 2070 ea
967 2018 1086 2086 scriptura
1099 2026 1127 2078 in

119 2108 185 2130 ..-
194 2112 247 2133 -
255 2102 323 2153 atque
331 2103 415 2152 aquata
426 2086 510 2147 clafflm
627 2087 714 2136 codice
732 2084 889 2142 Caesariano,
904 2102 956 2135 non
966 2084 997 2135 ab
1007 2090 1059 2138 alio
1068 2106 1128 2155 pro-

121 2156 283 2219 curvafequl,
300 2156 474 2217 quajamvento
485 2153 593 2217 fluxuque
627 2152 721 2202 festam
737 2149 812 2210 else,
838 2166 915 2217 quam
939 2153 982 2218 qui
998 2157 1129 2210 Lucanum

148 2223 246 2283 frauda
628 2235 685 2268 cum
692 2217 920 2275 Caesarecontulit‚
938 2219 1031 2269 &inde
1041 2222 1128 2287 postea

121 2283 398 2351 Lapsas’alaestinaauncis
413 2286 591 2347 confixitarenas.
628 2287 654 2334 irr
678 2297 825 2334 contextum
850 2284 876 2333 id
901 2299 995 2335 nomen
1021 2288 1127 2356 irrepsit.

86 2353 136 2407 Sed
145 2356 172 2404 lle
185 2351 226 2401 hic
243 2353 314 2401 locus
329 2351 389 2399 viris
400 2353 500 2419 magnis
516 2345 592 2412 suspi-
630 2347 712 2400 causa
729 2365 814 2400 autem
824 2367 865 2399 cur
875 2349 905 2400 de
914 2353 962 2400 illo
973 2359 1129 2417 Apamallinae

88 2422 193 2468 cionem
209 2418 298 2467 morit.
317 2412 410 2466 Verium
429 2415 473 2465 etsi
484 2414 596 2471 suerint,
628 2416 740 2467 dubitem
764 2416 883 2482 estquod
906 2420 990 2467 nullus
1012 2434 1128 2475 autorem

93 2487 140 2549 qui
154 2485 184 2533 in
191 2487 273 2549 Epyro
283 2477 445 2532 locumsuilse
458 2483 543 2531 dicant
555 2481 594 2528 cui
628 2483 695 2533 dicat
714 2480 838 2533 caesarem
845 2485 872 2532 in
879 2482 982 2537 ltaliam
996 2488 1130 2554 tempesta.

92 2547 197 2599 Palaesie
221 2546 424 2606 nomenfuerit,
450 2550 595 2598 vix‘tamen
627 2563 653 2598 te
670 2549 799 2611 rejectum.
818 2547 922 2600 Caesaris
937 2566 998 2600 vero
1015 2553 1129 2603 hunclo-

88 2609 260 2687 persuaserint
275 2613 345 2665 milri.
379 2613 500 2672 Addunt,
511 2608 595 2661 nescio
628 2632 685 2665 cum
701 2615 770 2681 quod
786 2619 877 2666 attinet
887 2613 970 2666 nescio
987 2620 1047 2682 quid
1058 2620 1089 2669 de
1098 2634 1129 2669 eo

88 2698 168 2749 quat,
187 2679 219 2730 de
236 2678 354 2730 columbis
369 2696 401 2731 ex
426 2681 553 2729 Palaestina
570 2680 597 2726 in
628 2680 798 2732 diliurussim.
814 2688 843 2732 In
852 2681 920 2732 mssrs
934 2681 1059 2749 plerisque
1069 2687 1130 2751 lego

86 2756 208 2815 Epyrum
222 2742 375 2861 transpressis
394 2782 402 2805 ,
421 2762 449 2795 ac
467 2746 596 2795 Dodonaeo
630 2750 754 2809 Pharsalia.
789 2754 820 2802 D.
831 2747 937 2798 voliius.

86 2815 215 2871 oraculo,
233 2815 259 2863 δι
277 2813 328 2861 aia
341 2817 440 2871 multu,
457 2811 595 2877 quaerefer-
661 2817 735 2875 hid]
752 2819 806 2866 MS.
825 2820 916 2864 Naevia.
930 2816 956 2863 δι
972 2813 1044 2864 editt.
1062 2821 1130 2882 Ram.

84 2899 115 2935 1e
129 2876 284 2948 supersedeo
300 2912 308 2935 ,
323 2881 382 2942 quia
396 2879 491 2928 frivola
509 2877 596 2927 viden·
632 2887 682 2933 Van.
700 2879 793 2931 habent
802 2883 933 2943 Pharsalia,
951 2886 998 2929 Bar.
1013 2873 1131 2941 Palesti'na.

87 2963 135 3001 tur.
166 2953 249 3012 Hugo
265 2943 366 2996 Grotius
383 2943 527 2994 saeculorum
541 2959 596 2993 om·
629 2948 667 2995 Sic
682 2951 781 2996 Lucanus
790 2948 834 2999 lib.
844 2963 868 3006 v,
875 2954 934 3010 4⁶⁰·
952 2945 994 2995 ubi
1009 2945 1041 2995 de
1056 2942 1132 2998 classe

88 3017 162 3066 nium
187 3011 300 3063 l’lroenix
324 3044 332 3068 ‚
355 3000 552 3079 ingelriosrssrmb
571 3012 602 3056 e-‘
629 3009 733 3061 Caesaris

90 3076 233 3133 emendabat
243 3076 406 3141 Apamestanu3
424 3093 477 3142 quae
486 3073 597 3125 urbsfita
663 3081 734 3144 Lapsa
750 3078 891 3129 Palaestinas
909 3082 968 3125 unris
981 3078 1068 3140 confixit
1081 3097 1131 3130 are·

91 3146 125 3199 eil
138 3148 169 3196 iu
183 3143 349 3210 prominente
363 3156 435 3209 parte
448 3145 527 3192 ltaliae
547 3158 553 3188 ε
570 3143 596 3190 δι
695 3163 742 3195 nas.

94 3215 120 3267 tri
134 3211 216 3263 sallor
232 3208 317 3259 statuit
336 3211 383 3260 huc
401 3208 597 3259 Caesaremtem-
631 3213 722 3258 Paullus
744 3210 836 3270 Marsus
859 3207 962 3260 testatur
976 3208 1001 3260 se
1024 3213 1052 3262 in
1075 3216 1133 3268 MS.

97 3276 188 3345 pestere
204 3277 345 3339 tertuum,
360 3276 421 3328 inde
440 3278 467 3325 in
483 3281 594 3341 Epyrum
632 3273 791 3326 chalcidensi
813 3271 928 3340 reperisse
952 3283 990 3344 qui
1013 3282 1133 3343 appellatur

87 3339 239 3408 'penmiffe
256 3348 314 3410 Ego
322 3340 366 3392 etsi
382 3341 487 3392 decebat
497 3343 597 3407 acquie-
631 3344 726 3403 Palaste.
745 3344 768 3393 si
786 3341 817 3391 de
836 3345 908 3403 Marfi
924 3343 973 3393 side
992 3344 1132 3404 constaret,

100 3405 247 3460 secretiori
264 3410 312 3460 viri
322 3411 475 3468 autoritate,
493 3407 598 3459 curita-
630 3411 730 3475 quinea
745 3410 822 3459 sellio
833 3407 893 3459 esset
907 3411 1134 3478 recipienda,nul-

98 3489 163 3529 men
176 3473 274 3526 bimam
290 3478 406 3543 ingenii,
423 3474 531 3542 cuisaepe
545 3470 598 3541 ipsa
630 3479 668 3525 lus
691 3475 840 3528 dubitarem.
875 3484 972 3529 Daulis.

96 3542 233 3593 verirrein
254 3540 359 3592 dubium
373 3541 535 3600 devocatur,
563 3541 598 3590 ri·
664 3561 688 3598 2.
707 3545 750 3591 Sed
766 3547 858 3609 aequali
869 3544 1001 3606 filicanfifi]
1019 3542 1135 3594 siereste
1193 3567 1200 3576 x

89 3605 418 3674 mandoinquirebam,an
430 3609 496 3658 nihil
506 3609 598 3674 reperi*
631 3609 681 3659 est:
698 3610 726 3659 in
745 3612 880 3660 Petav'iano
891 3625 945 3660 erat
955 3612 1135 3675 scalaequequa-

90 3674 177 3733 reim
187 3674 252 3740 quod
268 3691 316 3741 pro
331 3678 436 3743 vulgata
452 3677 548 3727 Lucani
563 3676 599 3725 le·
633 3678 735 3736 tuurfibr'.
756 3681 830 3726 Ortus
840 3693 908 3727 error
925 3694 955 3727 ex
966 3678 1057 3727 lineis:
1075 3689 1137 3727 nam

91 3739 181 3791 &ione
194 3740 300 3793 faceret.
319 3745 373 3792 Nec
388 3755 477 3793 tamen
492 3743 599 3792 occurrit
634 3745 694 3811 quia
709 3744 792 3809 primo
815 3740 932 3810 scriptum
948 3743 995 3792 fuit
1011 3746 1041 3789 hh·
1057 3776 1065 3798 ‚
1081 3755 1138 3789 mu-

89 3807 237 3883 quidquem
249 3806 298 3864 oili
313 3807 427 3866 ditamur
443 3810 566 3883 Palaellrru
575 3826 602 3863 u·
632 3823 716 3887 tatum
731 3809 766 3874 eli
781 3812 809 3867 iu
821 3811 903 3883 1111(
910 3806 1040 3887 quomodo
1052 3804 1138 3924 impppq
