<?xml version="1.0" encoding="UTF-8"?>
<!DOCTYPE html PUBLIC "-//W3C//DTD XHTML 1.0 Transitional//EN"
    "http://www.w3.org/TR/xhtml1/DTD/xhtml1-transitional.dtd">
<html xmlns="http://www.w3.org/1999/xhtml" xml:lang="en" lang="en">
 <head>
  <title>
</title>
<meta http-equiv="Content-Type" content="text/html;charset=utf-8" />
  <meta name='ocr-system' content='tesseract 3.04.00' />
  <meta name='ocr-capabilities' content='ocr_page ocr_carea ocr_par ocr_line ocrx_word'/>
</head>
<body>
  <div class='ocr_page' id='page_1' title='image "./ciuliuscaesarcu00petrgoog/ciuliuscaesarcu00petrgoog_0184.png"; bbox 0 0 2616 4462; ppageno 0'>
   <div class='ocr_carea' id='block_1_1' title="bbox 241 261 1222 376">
    <p class='ocr_par' dir='ltr' id='par_1_1' title="bbox 241 261 1222 376">
     <span class='ocr_line' id='line_1_1' title="bbox 241 261 1222 376; baseline 0.003 -36"><span class='ocrx_word' id='word_1_1' title='bbox 241 284 303 340; x_wconf 74' lang='lat' dir='ltr'>uu</span> <span class='ocrx_word' id='word_1_2' title='bbox 326 262 488 353; x_wconf 67' lang='lat' dir='ltr'>Brenno</span> <span class='ocrx_word' id='word_1_3' title='bbox 511 261 678 341; x_wconf 83' lang='lat' dir='ltr'>Crvrnr</span> <span class='ocrx_word' id='word_1_4' title='bbox 702 262 803 340; x_wconf 68' lang='grc' dir='ltr'>[η’.</span> <span class='ocrx_word' id='word_1_5' title='bbox 827 265 895 344; x_wconf 88' lang='lat' dir='ltr'>Ill.</span> <span class='ocrx_word' id='word_1_6' title='bbox 1024 274 1102 376; x_wconf 82' lang='lat'>5&#39;49</span> <span class='ocrx_word' id='word_1_7' title='bbox 1218 285 1222 292; x_wconf 85' lang='lat'>·</span> 
     </span>
    </p>
   </div>
   <div class='ocr_carea' id='block_1_2' title="bbox 13 379 1209 2526">
    <p class='ocr_par' dir='ltr' id='par_1_2' title="bbox 13 379 1149 1258">
     <span class='ocr_line' id='line_1_2' title="bbox 63 379 1137 484; baseline 0.011 -28"><span class='ocrx_word' id='word_1_8' title='bbox 63 379 181 484; x_wconf 85' lang='lat' dir='ltr'>stipati</span> <span class='ocrx_word' id='word_1_9' title='bbox 198 381 266 484; x_wconf 89' lang='lat' dir='ltr'>pila</span> <span class='ocrx_word' id='word_1_10' title='bbox 281 384 503 482; x_wconf 89' lang='lat' dir='ltr'>conjecerunt</span> <span class='ocrx_word' id='word_1_11' title='bbox 522 408 533 471; x_wconf 85' lang='lat'>3</span> <span class='ocrx_word' id='word_1_12' title='bbox 556 385 594 458; x_wconf 71' lang='grc' dir='ltr'>ὃ(</span> <span class='ocrx_word' id='word_1_13' title='bbox 612 409 655 458; x_wconf 87' lang='lat' dir='ltr'>ex</span> <span class='ocrx_word' id='word_1_14' title='bbox 671 382 831 459; x_wconf 87' lang='lat' dir='ltr'>inferiore</span> <span class='ocrx_word' id='word_1_15' title='bbox 847 386 927 458; x_wconf 88' lang='lat' dir='ltr'>loco</span> <span class='ocrx_word' id='word_1_16' title='bbox 941 385 1101 468; x_wconf 84' lang='lat' dir='ltr'>adversus</span> <span class='ocrx_word' id='word_1_17' title='bbox 1136 386 1137 390; x_wconf 28' lang='lat'>¹</span> 
     </span>
     <span class='ocr_line' id='line_1_3' title="bbox 13 478 1100 582; baseline 0.008 -29"><span class='ocrx_word' id='word_1_18' title='bbox 13 504 16 511; x_wconf 84' lang='lat'><strong>·</strong></span> <span class='ocrx_word' id='word_1_19' title='bbox 63 481 197 556; x_wconf 88' lang='lat' dir='ltr'>clivum</span> <span class='ocrx_word' id='word_1_20' title='bbox 211 483 342 556; x_wconf 89' lang='lat' dir='ltr'>incitati</span> <span class='ocrx_word' id='word_1_21' title='bbox 351 481 474 571; x_wconf 89' lang='lat' dir='ltr'>cursu,</span> <span class='ocrx_word' id='word_1_22' title='bbox 498 478 689 580; x_wconf 84' lang='lat' dir='ltr'>praecipites</span> <span class='ocrx_word' id='word_1_23' title='bbox 700 483 928 581; x_wconf 86' lang='lat' dir='ltr'>Pompejanos</span> <span class='ocrx_word' id='word_1_24' title='bbox 938 507 1100 582; x_wconf 84' lang='lat' dir='ltr'>egerunt,</span> 
     </span>
     <span class='ocr_line' id='line_1_4' title="bbox 64 578 1100 680; baseline 0.005 -28"><span class='ocrx_word' id='word_1_25' title='bbox 64 579 107 652; x_wconf 67' lang='grc' dir='ltr'>ὅ(</span> <span class='ocrx_word' id='word_1_26' title='bbox 130 599 224 680; x_wconf 86' lang='lat' dir='ltr'>terga</span> <span class='ocrx_word' id='word_1_27' title='bbox 246 601 380 653; x_wconf 90' lang='lat' dir='ltr'>vertere</span> <span class='ocrx_word' id='word_1_28' title='bbox 401 582 602 679; x_wconf 84' lang='lat' dir='ltr'>co&#39;e&#39;gerunt</span> <span class='ocrx_word' id='word_1_29' title='bbox 650 578 777 676; x_wconf 88' lang='lat' dir='ltr'>quibus</span> <span class='ocrx_word' id='word_1_30' title='bbox 799 583 841 652; x_wconf 84' lang='lat' dir='ltr'>ad</span> <span class='ocrx_word' id='word_1_31' title='bbox 864 581 1100 678; x_wconf 87' lang='lat' dir='ltr'>recipiendum</span> 
     </span>
     <span class='ocr_line' id='line_1_5' title="bbox 62 675 1102 775; baseline 0.004 -27"><span class='ocrx_word' id='word_1_32' title='bbox 62 695 170 750; x_wconf 82' lang='lat' dir='ltr'>crates</span> <span class='ocrx_word' id='word_1_33' title='bbox 185 675 350 766; x_wconf 68' lang='lat' dir='ltr'>direb’ne,</span> <span class='ocrx_word' id='word_1_34' title='bbox 374 675 598 775; x_wconf 85' lang='lat' dir='ltr'>longuriique</span> <span class='ocrx_word' id='word_1_35' title='bbox 614 675 761 760; x_wconf 67' lang='lat' dir='ltr'>obedi,</span> <span class='ocrx_word' id='word_1_36' title='bbox 786 676 997 751; x_wconf 86' lang='lat' dir='ltr'>&amp;institutae</span> <span class='ocrx_word' id='word_1_37' title='bbox 1006 677 1102 752; x_wconf 81' lang='lat' dir='ltr'>foll&#39;ae</span> 
     </span>
     <span class='ocr_line' id='line_1_6' title="bbox 63 773 1149 884; baseline 0.006 -40"><span class='ocrx_word' id='word_1_38' title='bbox 63 795 193 872; x_wconf 84' lang='lat' dir='ltr'>magno</span> <span class='ocrx_word' id='word_1_39' title='bbox 211 775 258 847; x_wconf 91' lang='lat' dir='ltr'>im</span> <span class='ocrx_word' id='word_1_40' title='bbox 286 774 459 847; x_wconf 86' lang='lat' dir='ltr'>edimento</span> <span class='ocrx_word' id='word_1_41' title='bbox 478 773 631 849; x_wconf 83' lang='lat' dir='ltr'>fuerunt.</span> <span class='ocrx_word' id='word_1_42' title='bbox 704 773 786 846; x_wconf 90' lang='lat' dir='ltr'>ostri</span> <span class='ocrx_word' id='word_1_43' title='bbox 802 798 915 865; x_wconf 90' lang='lat' dir='ltr'>vero,</span> <span class='ocrx_word' id='word_1_44' title='bbox 940 776 1001 884; x_wconf 92' lang='lat' dir='ltr'>qui</span> <span class='ocrx_word' id='word_1_45' title='bbox 1025 776 1099 851; x_wconf 88' lang='lat' dir='ltr'>satis</span> <span class='ocrx_word' id='word_1_46' title='bbox 1123 781 1149 858; x_wconf 89' lang='lat'>6</span> 
     </span>
     <span class='ocr_line' id='line_1_7' title="bbox 61 799 1113 970; baseline 0.003 -28"><span class='ocrx_word' id='word_1_47' title='bbox 61 867 236 944; x_wconf 80' lang='lat' dir='ltr'>habebant</span> <span class='ocrx_word' id='word_1_48' title='bbox 252 799 321 944; x_wconf 70' lang='lat' dir='ltr'>ihre</span> <span class='ocrx_word' id='word_1_49' title='bbox 336 872 545 945; x_wconf 91' lang='lat' dir='ltr'>detrimento</span> <span class='ocrx_word' id='word_1_50' title='bbox 567 871 764 962; x_wconf 84' lang='lat' dir='ltr'>discedere,</span> <span class='ocrx_word' id='word_1_51' title='bbox 788 871 1026 970; x_wconf 83' lang='lat' dir='ltr'>compluribus</span> <span class='ocrx_word' id='word_1_52' title='bbox 1048 874 1113 955; x_wconf 48' lang='lat' dir='ltr'>ins,</span> 
     </span>
     <span class='ocr_line' id='line_1_8' title="bbox 61 966 1102 1065; baseline 0.006 -25"><span class='ocrx_word' id='word_1_53' title='bbox 61 966 234 1054; x_wconf 72' lang='lat' dir='ltr'>terfettis,</span> <span class='ocrx_word' id='word_1_54' title='bbox 258 991 283 1044; x_wconf 89' lang='lat' dir='ltr'><strong>v</strong></span> <span class='ocrx_word' id='word_1_55' title='bbox 299 967 443 1042; x_wconf 89' lang='lat' dir='ltr'>omnino</span> <span class='ocrx_word' id='word_1_56' title='bbox 458 968 598 1041; x_wconf 91' lang='lat' dir='ltr'>suorum</span> <span class='ocrx_word' id='word_1_57' title='bbox 614 967 755 1057; x_wconf 83' lang='lat' dir='ltr'>amiffis,</span> <span class='ocrx_word' id='word_1_58' title='bbox 778 967 981 1065; x_wconf 87' lang='lat' dir='ltr'>quietiffime</span> <span class='ocrx_word' id='word_1_59' title='bbox 994 970 1029 1043; x_wconf 90' lang='lat' dir='ltr'>se</span> <span class='ocrx_word' id='word_1_60' title='bbox 1046 997 1102 1046; x_wconf 89' lang='lat' dir='ltr'>re·</span> 
     </span>
     <span class='ocr_line' id='line_1_9' title="bbox 61 1065 1100 1166; baseline 0.004 -28"><span class='ocrx_word' id='word_1_61' title='bbox 61 1084 256 1158; x_wconf 86' lang='lat' dir='ltr'>ceperunt,</span> <span class='ocrx_word' id='word_1_62' title='bbox 286 1065 473 1163; x_wconf 90' lang='lat' dir='ltr'>paulloque</span> <span class='ocrx_word' id='word_1_63' title='bbox 489 1065 572 1138; x_wconf 89' lang='lat' dir='ltr'>citra</span> <span class='ocrx_word' id='word_1_64' title='bbox 587 1089 667 1138; x_wconf 90' lang='lat' dir='ltr'>eum</span> <span class='ocrx_word' id='word_1_65' title='bbox 684 1065 801 1137; x_wconf 87' lang='lat' dir='ltr'>locum</span> <span class='ocrx_word' id='word_1_66' title='bbox 817 1121 828 1155; x_wconf 90' lang='lat'>,</span> <span class='ocrx_word' id='word_1_67' title='bbox 854 1066 926 1139; x_wconf 87' lang='lat' dir='ltr'>aliis</span> <span class='ocrx_word' id='word_1_68' title='bbox 942 1091 1100 1166; x_wconf 87' lang='lat' dir='ltr'>compre·</span> 
     </span>
     <span class='ocr_line' id='line_1_10' title="bbox 64 1157 833 1258; baseline 0.003 -26"><span class='ocrx_word' id='word_1_69' title='bbox 64 1157 178 1232; x_wconf 86' lang='lat' dir='ltr'>henfis</span> <span class='ocrx_word' id='word_1_70' title='bbox 190 1159 358 1251; x_wconf 88' lang='lat' dir='ltr'>collibus,</span> <span class='ocrx_word' id='word_1_71' title='bbox 382 1161 593 1235; x_wconf 86' lang='lat' dir='ltr'>munitiones</span> <span class='ocrx_word' id='word_1_72' title='bbox 607 1161 833 1258; x_wconf 86' lang='lat' dir='ltr'>perfecerunt.</span> 
     </span>
    </p>

    <p class='ocr_par' dir='ltr' id='par_1_3' title="bbox 22 1255 1209 2526">
     <span class='ocr_line' id='line_1_11' title="bbox 114 1255 1209 1360; baseline 0.01 -30"><span class='ocrx_word' id='word_1_73' title='bbox 114 1255 273 1338; x_wconf 85' lang='lat' dir='ltr'><strong>XLVII.</strong></span> <span class='ocrx_word' id='word_1_74' title='bbox 299 1259 387 1333; x_wconf 84' lang='lat' dir='ltr'>Erat</span> <span class='ocrx_word' id='word_1_75' title='bbox 405 1283 495 1332; x_wconf 90' lang='lat' dir='ltr'>nova</span> <span class='ocrx_word' id='word_1_76' title='bbox 515 1262 552 1333; x_wconf 70' lang='grc' dir='ltr'>ὅ(</span> <span class='ocrx_word' id='word_1_77' title='bbox 571 1257 726 1331; x_wconf 83' lang='lat' dir='ltr'>inusitata</span> <span class='ocrx_word' id='word_1_78' title='bbox 744 1258 827 1332; x_wconf 90' lang='lat' dir='ltr'>belli</span> <span class='ocrx_word' id='word_1_79' title='bbox 849 1258 963 1350; x_wconf 88' lang='lat' dir='ltr'>ratio,</span> <span class='ocrx_word' id='word_1_80' title='bbox 987 1285 1097 1360; x_wconf 88' lang='lat' dir='ltr'>quum</span> <span class='ocrx_word' id='word_1_81' title='bbox 1126 1275 1150 1341; x_wconf 79' lang='grc' dir='ltr'>ι’</span> <span class='ocrx_word' id='word_1_82' title='bbox 1208 1281 1209 1285; x_wconf 75' lang='grc'>’</span> 
     </span>
     <span class='ocr_line' id='line_1_12' title="bbox 62 1351 1150 1455; baseline 0.006 -29"><span class='ocrx_word' id='word_1_83' title='bbox 62 1369 120 1426; x_wconf 92' lang='lat' dir='ltr'>tot</span> <span class='ocrx_word' id='word_1_84' title='bbox 142 1353 359 1429; x_wconf 85' lang='lat' dir='ltr'>castellorum</span> <span class='ocrx_word' id='word_1_85' title='bbox 382 1379 557 1446; x_wconf 87' lang='lat' dir='ltr'>numero,</span> <span class='ocrx_word' id='word_1_86' title='bbox 583 1375 750 1455; x_wconf 90' lang='lat' dir='ltr'>tantoque</span> <span class='ocrx_word' id='word_1_87' title='bbox 773 1355 911 1455; x_wconf 88' lang='lat' dir='ltr'>spatio,</span> <span class='ocrx_word' id='word_1_88' title='bbox 935 1361 972 1434; x_wconf 69' lang='grc' dir='ltr'>ὃ(</span> <span class='ocrx_word' id='word_1_89' title='bbox 995 1359 1097 1434; x_wconf 90' lang='lat' dir='ltr'>tantis</span> <span class='ocrx_word' id='word_1_90' title='bbox 1145 1351 1150 1360; x_wconf 54' lang='lat'><strong><em>¹</em></strong></span> 
     </span>
     <span class='ocr_line' id='line_1_13' title="bbox 60 1451 1096 1552; baseline 0.006 -30"><span class='ocrx_word' id='word_1_91' title='bbox 60 1452 349 1544; x_wconf 81' lang='lat' dir='ltr'>munitionibus,</span> <span class='ocrx_word' id='word_1_92' title='bbox 372 1454 409 1525; x_wconf 90' lang='lat'>&amp;</span> <span class='ocrx_word' id='word_1_93' title='bbox 426 1474 503 1527; x_wconf 89' lang='lat' dir='ltr'>toto</span> <span class='ocrx_word' id='word_1_94' title='bbox 523 1451 709 1527; x_wconf 71' lang='lat' dir='ltr'>obsidionis</span> <span class='ocrx_word' id='word_1_95' title='bbox 734 1477 875 1552; x_wconf 87' lang='lat' dir='ltr'>genere,</span> <span class='ocrx_word' id='word_1_96' title='bbox 900 1475 976 1528; x_wconf 91' lang='lat' dir='ltr'>tum</span> <span class='ocrx_word' id='word_1_97' title='bbox 993 1455 1096 1530; x_wconf 88' lang='lat' dir='ltr'>etiarn</span> 
     </span>
     <span class='ocr_line' id='line_1_14' title="bbox 61 1547 1147 1649; baseline 0.011 -29"><span class='ocrx_word' id='word_1_98' title='bbox 61 1547 204 1649; x_wconf 85' lang='lat' dir='ltr'>reliquis</span> <span class='ocrx_word' id='word_1_99' title='bbox 222 1550 336 1629; x_wconf 84' lang='lat' dir='ltr'>rebus.</span> <span class='ocrx_word' id='word_1_100' title='bbox 361 1574 461 1642; x_wconf 89' lang='lat' dir='ltr'>nam,</span> <span class='ocrx_word' id='word_1_101' title='bbox 485 1551 686 1647; x_wconf 84' lang='lat' dir='ltr'>quicunque</span> <span class='ocrx_word' id='word_1_102' title='bbox 700 1551 844 1623; x_wconf 88' lang='lat' dir='ltr'>alterum</span> <span class='ocrx_word' id='word_1_103' title='bbox 861 1551 1017 1627; x_wconf 81' lang='lat' dir='ltr'>obsidere</span> <span class='ocrx_word' id='word_1_104' title='bbox 1035 1579 1094 1627; x_wconf 91' lang='lat' dir='ltr'>co·</span> <span class='ocrx_word' id='word_1_105' title='bbox 1120 1579 1147 1632; x_wconf 77' lang='lat'><em>2</em></span> 
     </span>
     <span class='ocr_line' id='line_1_15' title="bbox 22 1645 1096 1746; baseline 0.008 -29"><span class='ocrx_word' id='word_1_106' title='bbox 22 1700 26 1706; x_wconf 86' lang='lat'>.</span> <span class='ocrx_word' id='word_1_107' title='bbox 61 1645 133 1719; x_wconf 83' lang='lat' dir='ltr'>nati</span> <span class='ocrx_word' id='word_1_108' title='bbox 151 1647 231 1721; x_wconf 88' lang='lat' dir='ltr'>sunt</span> <span class='ocrx_word' id='word_1_109' title='bbox 241 1704 252 1738; x_wconf 88' lang='lat'><strong>,</strong></span> <span class='ocrx_word' id='word_1_110' title='bbox 274 1647 448 1746; x_wconf 89' lang='lat' dir='ltr'>perculsos</span> <span class='ocrx_word' id='word_1_111' title='bbox 462 1668 565 1746; x_wconf 89' lang='lat' dir='ltr'>atque</span> <span class='ocrx_word' id='word_1_112' title='bbox 582 1647 739 1721; x_wconf 88' lang='lat' dir='ltr'>infirmos</span> <span class='ocrx_word' id='word_1_113' title='bbox 755 1646 868 1723; x_wconf 89' lang='lat' dir='ltr'>hostes</span> <span class='ocrx_word' id='word_1_114' title='bbox 880 1649 1014 1740; x_wconf 87' lang='lat' dir='ltr'>adorti,·</span> <span class='ocrx_word' id='word_1_115' title='bbox 1035 1671 1096 1726; x_wconf 86' lang='lat' dir='ltr'>aut</span> 
     </span>
     <span class='ocr_line' id='line_1_16' title="bbox 58 1741 1097 1843; baseline 0.005 -27"><span class='ocrx_word' id='word_1_116' title='bbox 58 1742 191 1837; x_wconf 88' lang='lat' dir='ltr'>-proelio</span> <span class='ocrx_word' id='word_1_117' title='bbox 206 1742 399 1843; x_wconf 87' lang='lat' dir='ltr'>superatos,</span> <span class='ocrx_word' id='word_1_118' title='bbox 422 1764 482 1819; x_wconf 91' lang='lat' dir='ltr'>aut</span> <span class='ocrx_word' id='word_1_119' title='bbox 496 1746 607 1843; x_wconf 88' lang='lat' dir='ltr'>aliqua</span> <span class='ocrx_word' id='word_1_120' title='bbox 625 1741 813 1819; x_wconf 82' lang='lat' dir='ltr'>offenhone</span> <span class='ocrx_word' id='word_1_121' title='bbox 826 1767 1001 1841; x_wconf 87' lang='lat' dir='ltr'>permotos</span> <span class='ocrx_word' id='word_1_122' title='bbox 1011 1771 1097 1821; x_wconf 90' lang='lat' dir='ltr'>con·</span> 
     </span>
     <span class='ocr_line' id='line_1_17' title="bbox 47 1839 1096 1942; baseline 0.01 -35"><span class='ocrx_word' id='word_1_123' title='bbox 47 1839 272 1934; x_wconf 67' lang='lat' dir='ltr'>‚tinuerunt3</span> <span class='ocrx_word' id='word_1_124' title='bbox 303 1868 413 1938; x_wconf 89' lang='lat' dir='ltr'>quum</span> <span class='ocrx_word' id='word_1_125' title='bbox 441 1839 503 1938; x_wconf 83' lang='lat' dir='ltr'>ipsi</span> <span class='ocrx_word' id='word_1_126' title='bbox 527 1866 671 1916; x_wconf 81' lang='lat' dir='ltr'>numero</span> <span class='ocrx_word' id='word_1_127' title='bbox 696 1841 848 1916; x_wconf 91' lang='lat' dir='ltr'>militurn</span> <span class='ocrx_word' id='word_1_128' title='bbox 868 1842 1096 1942; x_wconf 86' lang='lat' dir='ltr'>equitumque</span> 
     </span>
     <span class='ocr_line' id='line_1_18' title="bbox 59 1937 1096 2036; baseline 0.007 -27"><span class='ocrx_word' id='word_1_129' title='bbox 59 1937 272 2036; x_wconf 86' lang='lat' dir='ltr'>praestarent.</span> <span class='ocrx_word' id='word_1_130' title='bbox 295 1938 418 2013; x_wconf 83' lang='lat' dir='ltr'>Cauffa</span> <span class='ocrx_word' id='word_1_131' title='bbox 433 1958 549 2013; x_wconf 85' lang='lat' dir='ltr'>autem</span> <span class='ocrx_word' id='word_1_132' title='bbox 566 1937 752 2012; x_wconf 84' lang='lat' dir='ltr'>obsidionis</span> <span class='ocrx_word' id='word_1_133' title='bbox 767 1939 840 2014; x_wconf 82' lang='lat' dir='ltr'>haec</span> <span class='ocrx_word' id='word_1_134' title='bbox 857 1938 926 2015; x_wconf 89' lang='lat' dir='ltr'>fere</span> <span class='ocrx_word' id='word_1_135' title='bbox 934 1941 999 2016; x_wconf 82' lang='lat' dir='ltr'>effe</span> <span class='ocrx_word' id='word_1_136' title='bbox 1010 1967 1096 2015; x_wconf 87' lang='lat' dir='ltr'>con·</span> 
     </span>
     <span class='ocr_line' id='line_1_19' title="bbox 60 2033 1095 2131; baseline 0.005 -24"><span class='ocrx_word' id='word_1_137' title='bbox 60 2033 194 2129; x_wconf 85' lang='lat' dir='ltr'>suevit,</span> <span class='ocrx_word' id='word_1_138' title='bbox 211 2057 251 2110; x_wconf 90' lang='lat' dir='ltr'>ut</span> <span class='ocrx_word' id='word_1_139' title='bbox 266 2035 443 2112; x_wconf 84' lang='lat' dir='ltr'>frumento</span> <span class='ocrx_word' id='word_1_140' title='bbox 458 2035 570 2110; x_wconf 88' lang='lat' dir='ltr'>hostes</span> <span class='ocrx_word' id='word_1_141' title='bbox 586 2035 841 2131; x_wconf 80' lang='lat' dir='ltr'>prohibeantur.</span> <span class='ocrx_word' id='word_1_142' title='bbox 866 2058 900 2111; x_wconf 86' lang='lat' dir='ltr'>at</span> <span class='ocrx_word' id='word_1_143' title='bbox 913 2059 1030 2112; x_wconf 84' lang='lat' dir='ltr'>contra</span> <span class='ocrx_word' id='word_1_144' title='bbox 1042 2040 1095 2112; x_wconf 92' lang='lat' dir='ltr'>in-</span> 
     </span>
     <span class='ocr_line' id='line_1_20' title="bbox 61 2132 1095 2234; baseline 0.004 -27"><span class='ocrx_word' id='word_1_145' title='bbox 61 2136 172 2234; x_wconf 86' lang='lat' dir='ltr'>tegras</span> <span class='ocrx_word' id='word_1_146' title='bbox 188 2153 292 2233; x_wconf 88' lang='lat' dir='ltr'>atque</span> <span class='ocrx_word' id='word_1_147' title='bbox 309 2134 499 2208; x_wconf 86' lang='lat' dir='ltr'>incolumes</span> <span class='ocrx_word' id='word_1_148' title='bbox 512 2135 625 2231; x_wconf 90' lang='lat' dir='ltr'>copias</span> <span class='ocrx_word' id='word_1_149' title='bbox 642 2132 756 2208; x_wconf 83' lang='lat' dir='ltr'>Caesar</span> <span class='ocrx_word' id='word_1_150' title='bbox 772 2133 931 2208; x_wconf 87' lang='lat' dir='ltr'>inferiore</span> <span class='ocrx_word' id='word_1_151' title='bbox 943 2135 1095 2212; x_wconf 91' lang='lat' dir='ltr'>militum</span> 
     </span>
     <span class='ocr_line' id='line_1_21' title="bbox 60 2231 1095 2333; baseline 0.004 -30"><span class='ocrx_word' id='word_1_152' title='bbox 60 2252 207 2307; x_wconf 89' lang='lat' dir='ltr'>numero</span> <span class='ocrx_word' id='word_1_153' title='bbox 224 2231 424 2310; x_wconf 87' lang='lat' dir='ltr'>continebat</span> <span class='ocrx_word' id='word_1_154' title='bbox 446 2256 456 2318; x_wconf 83' lang='lat'>3</span> <span class='ocrx_word' id='word_1_155' title='bbox 479 2256 588 2330; x_wconf 92' lang='lat' dir='ltr'>quum</span> <span class='ocrx_word' id='word_1_156' title='bbox 606 2231 657 2305; x_wconf 91' lang='lat' dir='ltr'>illi</span> <span class='ocrx_word' id='word_1_157' title='bbox 681 2231 838 2304; x_wconf 91' lang='lat' dir='ltr'>omnium</span> <span class='ocrx_word' id='word_1_158' title='bbox 858 2257 973 2307; x_wconf 90' lang='lat' dir='ltr'>rerum</span> <span class='ocrx_word' id='word_1_159' title='bbox 996 2235 1095 2333; x_wconf 88' lang='lat' dir='ltr'>copia</span> 
     </span>
     <span class='ocr_line' id='line_1_22' title="bbox 57 2326 1144 2449; baseline 0.004 -49"><span class='ocrx_word' id='word_1_160' title='bbox 57 2326 281 2404; x_wconf 78' lang='lat' dir='ltr'>abundarent.</span> <span class='ocrx_word' id='word_1_161' title='bbox 312 2329 469 2430; x_wconf 89' lang='lat' dir='ltr'>quotidie</span> <span class='ocrx_word' id='word_1_162' title='bbox 487 2330 579 2402; x_wconf 92' lang='lat' dir='ltr'>enim</span> <span class='ocrx_word' id='word_1_163' title='bbox 607 2353 751 2429; x_wconf 81' lang='lat' dir='ltr'>magnus</span> <span class='ocrx_word' id='word_1_164' title='bbox 776 2329 930 2428; x_wconf 90' lang='lat' dir='ltr'>undique</span> <span class='ocrx_word' id='word_1_165' title='bbox 954 2331 1092 2406; x_wconf 87' lang='lat' dir='ltr'>navium</span> <span class='ocrx_word' id='word_1_166' title='bbox 1116 2368 1144 2449; x_wconf 84' lang='lat'>4</span> 
     </span>
     <span class='ocr_line' id='line_1_23' title="bbox 60 2425 1091 2526; baseline 0.006 -30"><span class='ocrx_word' id='word_1_167' title='bbox 60 2449 227 2499; x_wconf 88' lang='lat' dir='ltr'>numerus</span> <span class='ocrx_word' id='word_1_168' title='bbox 240 2425 484 2510; x_wconf 85' lang='lat' dir='ltr'>conveniebat,</span> <span class='ocrx_word' id='word_1_169' title='bbox 509 2427 1091 2526; x_wconf 83' lang='lat' dir='ltr'>quaecommeatumsupportarent:</span> 
     </span>
    </p>
   </div>
   <div class='ocr_carea' id='block_1_3' title="bbox 59 2513 1094 2692">
    <p class='ocr_par' dir='ltr' id='par_1_4' title="bbox 59 2513 1094 2692">
     <span class='ocr_line' id='line_1_24' title="bbox 59 2513 1094 2692; baseline 0.007 -100"><span class='ocrx_word' id='word_1_170' title='bbox 59 2543 176 2617; x_wconf 87' lang='lat' dir='ltr'>neque</span> <span class='ocrx_word' id='word_1_171' title='bbox 190 2513 282 2598; x_wconf 76' lang='lat' dir='ltr'>ullus</span> <span class='ocrx_word' id='word_1_172' title='bbox 306 2524 387 2598; x_wconf 86' lang='lat' dir='ltr'>flare</span> <span class='ocrx_word' id='word_1_173' title='bbox 404 2544 527 2596; x_wconf 88' lang='lat' dir='ltr'>ventus</span> <span class='ocrx_word' id='word_1_174' title='bbox 543 2543 705 2692; x_wconf 51' lang='lat' dir='ltr'>potetath</span> <span class='ocrx_word' id='word_1_175' title='bbox 729 2526 815 2620; x_wconf 91' lang='lat' dir='ltr'>quin</span> <span class='ocrx_word' id='word_1_176' title='bbox 833 2526 944 2624; x_wconf 85' lang='lat' dir='ltr'>aliqua</span> <span class='ocrx_word' id='word_1_177' title='bbox 958 2551 1002 2599; x_wconf 88' lang='lat' dir='ltr'>ex</span> <span class='ocrx_word' id='word_1_178' title='bbox 1018 2551 1094 2623; x_wconf 88' lang='lat' dir='ltr'>par·</span> 
     </span>
    </p>
   </div>
   <div class='ocr_carea' id='block_1_4' title="bbox 50 2616 1159 3815">
    <p class='ocr_par' dir='ltr' id='par_1_5' title="bbox 50 2616 1159 3815">
     <span class='ocr_line' id='line_1_25' title="bbox 58 2616 1142 2735; baseline 0.004 -43"><span class='ocrx_word' id='word_1_179' title='bbox 58 2636 97 2692; x_wconf 90' lang='lat' dir='ltr'>te</span> <span class='ocrx_word' id='word_1_180' title='bbox 123 2616 336 2694; x_wconf 86' lang='lat' dir='ltr'>1secundum</span> <span class='ocrx_word' id='word_1_181' title='bbox 354 2621 491 2695; x_wconf 84' lang='lat' dir='ltr'>cursum</span> <span class='ocrx_word' id='word_1_182' title='bbox 509 2621 656 2694; x_wconf 88' lang='lat' dir='ltr'>haberet.</span> <span class='ocrx_word' id='word_1_183' title='bbox 702 2620 757 2717; x_wconf 90' lang='lat' dir='ltr'>pse</span> <span class='ocrx_word' id='word_1_184' title='bbox 771 2642 909 2715; x_wconf 86' lang='lat' dir='ltr'>autem,</span> <span class='ocrx_word' id='word_1_185' title='bbox 934 2623 1093 2696; x_wconf 83' lang='lat' dir='ltr'>consum·</span> <span class='ocrx_word' id='word_1_186' title='bbox 1116 2656 1142 2735; x_wconf 88' lang='lat'><em>5</em></span> 
     </span>
     <span class='ocr_line' id='line_1_26' title="bbox 58 2712 1093 2818; baseline 0.005 -30"><span class='ocrx_word' id='word_1_187' title='bbox 58 2712 129 2813; x_wconf 85' lang='lat' dir='ltr'>ptis</span> <span class='ocrx_word' id='word_1_188' title='bbox 143 2716 304 2792; x_wconf 88' lang='lat' dir='ltr'>omnibus</span> <span class='ocrx_word' id='word_1_189' title='bbox 319 2719 424 2818; x_wconf 83' lang='lat' dir='ltr'>longe</span> <span class='ocrx_word' id='word_1_190' title='bbox 441 2719 578 2817; x_wconf 87' lang='lat' dir='ltr'>lateque</span> <span class='ocrx_word' id='word_1_191' title='bbox 593 2717 796 2810; x_wconf 85' lang='lat' dir='ltr'>frumentis,</span> <span class='ocrx_word' id='word_1_192' title='bbox 820 2719 959 2793; x_wconf 90' lang='lat' dir='ltr'>summis</span> <span class='ocrx_word' id='word_1_193' title='bbox 973 2741 1043 2792; x_wconf 86' lang='lat' dir='ltr'>erat</span> <span class='ocrx_word' id='word_1_194' title='bbox 1057 2720 1093 2793; x_wconf 93' lang='lat' dir='ltr'>in</span> 
     </span>
     <span class='ocr_line' id='line_1_27' title="bbox 57 2812 1143 2915; baseline 0.006 -31"><span class='ocrx_word' id='word_1_195' title='bbox 57 2812 236 2908; x_wconf 85' lang='lat' dir='ltr'>angustiis.</span> <span class='ocrx_word' id='word_1_196' title='bbox 258 2816 324 2890; x_wconf 84' lang='lat' dir='ltr'>Sed</span> <span class='ocrx_word' id='word_1_197' title='bbox 340 2835 455 2889; x_wconf 88' lang='lat' dir='ltr'>tamen</span> <span class='ocrx_word' id='word_1_198' title='bbox 472 2814 717 2915; x_wconf 78' lang='lat' dir='ltr'>haecfingulari</span> <span class='ocrx_word' id='word_1_199' title='bbox 734 2817 894 2913; x_wconf 87' lang='lat' dir='ltr'>patientia</span> <span class='ocrx_word' id='word_1_200' title='bbox 909 2816 1032 2890; x_wconf 85' lang='lat' dir='ltr'>milites</span> <span class='ocrx_word' id='word_1_201' title='bbox 1043 2815 1091 2890; x_wconf 89' lang='lat' dir='ltr'>fe·</span> <span class='ocrx_word' id='word_1_202' title='bbox 1117 2829 1143 2906; x_wconf 82' lang='lat'>6</span> 
     </span>
     <span class='ocr_line' id='line_1_28' title="bbox 59 2910 1093 3011; baseline 0.004 -28"><span class='ocrx_word' id='word_1_203' title='bbox 59 2910 190 2985; x_wconf 75' lang='lat' dir='ltr'>iebant.</span> <span class='ocrx_word' id='word_1_204' title='bbox 215 2912 479 2987; x_wconf 84' lang='lat' dir='ltr'>recordabantur</span> <span class='ocrx_word' id='word_1_205' title='bbox 494 2912 607 3002; x_wconf 90' lang='lat' dir='ltr'>enim,</span> <span class='ocrx_word' id='word_1_206' title='bbox 631 2932 646 2964; x_wconf 88' lang='lat'><em>²</em></span> <span class='ocrx_word' id='word_1_207' title='bbox 664 2915 779 2988; x_wconf 86' lang='lat' dir='ltr'>eadem</span> <span class='ocrx_word' id='word_1_208' title='bbox 798 2913 831 2989; x_wconf 84' lang='lat' dir='ltr'>se</span> <span class='ocrx_word' id='word_1_209' title='bbox 848 2914 1018 3011; x_wconf 83' lang='lat' dir='ltr'>superiore</span> <span class='ocrx_word' id='word_1_210' title='bbox 1032 2938 1093 2987; x_wconf 90' lang='lat' dir='ltr'>an·</span> 
     </span>
     <span class='ocr_line' id='line_1_29' title="bbox 60 3008 1159 3107; baseline 0.001 -26"><span class='ocrx_word' id='word_1_211' title='bbox 60 3030 107 3081; x_wconf 92' lang='lat' dir='ltr'>no</span> <span class='ocrx_word' id='word_1_212' title='bbox 122 3008 157 3082; x_wconf 91' lang='lat' dir='ltr'>in</span> <span class='ocrx_word' id='word_1_213' title='bbox 169 3008 335 3107; x_wconf 81' lang='lat' dir='ltr'>Hispania</span> <span class='ocrx_word' id='word_1_214' title='bbox 351 3009 538 3107; x_wconf 84' lang='lat' dir='ltr'>perpell&#39;os‚</span> <span class='ocrx_word' id='word_1_215' title='bbox 555 3009 719 3096; x_wconf 82' lang='lat' dir='ltr'>labore&amp;</span> <span class='ocrx_word' id='word_1_216' title='bbox 734 3010 893 3105; x_wconf 86' lang='lat' dir='ltr'>patientia</span> <span class='ocrx_word' id='word_1_217' title='bbox 902 3009 1094 3086; x_wconf 86' lang='lat' dir='ltr'>maximum</span> <span class='ocrx_word' id='word_1_218' title='bbox 1156 3073 1159 3082; x_wconf 94' lang='lat'>.</span> 
     </span>
     <span class='ocr_line' id='line_1_30' title="bbox 57 3103 1094 3204; baseline 0.005 -26"><span class='ocrx_word' id='word_1_219' title='bbox 57 3103 190 3180; x_wconf 91' lang='lat' dir='ltr'>bellum</span> <span class='ocrx_word' id='word_1_220' title='bbox 207 3105 400 3183; x_wconf 78' lang='lat' dir='ltr'>confecisse.</span> <span class='ocrx_word' id='word_1_221' title='bbox 421 3106 655 3182; x_wconf 90' lang='lat' dir='ltr'>Meminerant</span> <span class='ocrx_word' id='word_1_222' title='bbox 670 3108 711 3180; x_wconf 90' lang='lat' dir='ltr'>ad</span> <span class='ocrx_word' id='word_1_223' title='bbox 721 3107 868 3180; x_wconf 86' lang='lat' dir='ltr'>Alefiam</span> <span class='ocrx_word' id='word_1_224' title='bbox 876 3129 1043 3204; x_wconf 87' lang='lat' dir='ltr'>magnam</span> <span class='ocrx_word' id='word_1_225' title='bbox 1060 3109 1094 3184; x_wconf 85' lang='lat' dir='ltr'>se</span> 
     </span>
     <span class='ocr_line' id='line_1_31' title="bbox 53 3202 1093 3304; baseline 0.003 -29"><span class='ocrx_word' id='word_1_226' title='bbox 53 3202 205 3300; x_wconf 87' lang='lat' dir='ltr'>inopiam</span> <span class='ocrx_word' id='word_1_227' title='bbox 221 3204 414 3304; x_wconf 81' lang='lat' dir='ltr'>perpessos,</span> <span class='ocrx_word' id='word_1_228' title='bbox 430 3204 653 3279; x_wconf 90' lang='lat' dir='ltr'>multoetiam</span> <span class='ocrx_word' id='word_1_229' title='bbox 671 3206 832 3301; x_wconf 87' lang='lat' dir='ltr'>majorem</span> <span class='ocrx_word' id='word_1_230' title='bbox 842 3203 882 3296; x_wconf 87' lang='lat' dir='ltr'>ad</span> <span class='ocrx_word' id='word_1_231' title='bbox 894 3204 1093 3294; x_wconf 85' lang='lat' dir='ltr'>Avaricum,</span> 
     </span>
     <span class='ocr_line' id='line_1_32' title="bbox 53 3298 1143 3416; baseline 0.004 -42"><span class='ocrx_word' id='word_1_232' title='bbox 53 3299 282 3378; x_wconf 84' lang='lat' dir='ltr'>maximarum</span> <span class='ocrx_word' id='word_1_233' title='bbox 294 3302 330 3378; x_wconf 87' lang='lat' dir='ltr'>se</span> <span class='ocrx_word' id='word_1_234' title='bbox 343 3302 503 3405; x_wconf 87' lang='lat' dir='ltr'>gentium</span> <span class='ocrx_word' id='word_1_235' title='bbox 519 3298 862 3378; x_wconf 74' lang='lat' dir='ltr'>vinoresdiseeffisse.</span> <span class='ocrx_word' id='word_1_236' title='bbox 888 3301 1000 3395; x_wconf 90' lang='lat' dir='ltr'>Non,</span> <span class='ocrx_word' id='word_1_237' title='bbox 1026 3303 1092 3379; x_wconf 88' lang='lat' dir='ltr'>illis</span> <span class='ocrx_word' id='word_1_238' title='bbox 1117 3318 1143 3416; x_wconf 73' lang='lat'>7‘</span> 
     </span>
     <span class='ocr_line' id='line_1_33' title="bbox 623 3400 1090 3474; baseline 0.004 -2"><span class='ocrx_word' id='word_1_239' title='bbox 623 3437 625 3440; x_wconf 52' lang='lat'><strong>&gt;</strong></span> <span class='ocrx_word' id='word_1_240' title='bbox 1007 3400 1090 3474; x_wconf 91' lang='lat' dir='ltr'>hor·</span> 
     </span>
     <span class='ocr_line' id='line_1_34' title="bbox 92 3539 1091 3615; baseline 0.003 -18"><span class='ocrx_word' id='word_1_241' title='bbox 92 3553 116 3591; x_wconf 85' lang='lat'>1·</span> <span class='ocrx_word' id='word_1_242' title='bbox 135 3539 251 3593; x_wconf 61' lang='lat' dir='ltr'>&amp;cundum</span> <span class='ocrx_word' id='word_1_243' title='bbox 264 3547 352 3609; x_wconf 67' lang='lat' dir='ltr'>tursum</span> <span class='ocrx_word' id='word_1_244' title='bbox 365 3546 473 3606; x_wconf 70' lang='lat' dir='ltr'>haberet]</span> <span class='ocrx_word' id='word_1_245' title='bbox 487 3544 559 3596; x_wconf 67' lang='lat' dir='ltr'>Licet</span> <span class='ocrx_word' id='word_1_246' title='bbox 626 3565 651 3600; x_wconf 88' lang='lat'>2.</span> <span class='ocrx_word' id='word_1_247' title='bbox 669 3549 752 3598; x_wconf 70' lang='lat' dir='ltr'>Eadem</span> <span class='ocrx_word' id='word_1_248' title='bbox 761 3550 899 3614; x_wconf 76' lang='lat' dir='ltr'>sefuperiore</span> <span class='ocrx_word' id='word_1_249' title='bbox 913 3568 968 3600; x_wconf 78' lang='lat' dir='ltr'>anno</span> <span class='ocrx_word' id='word_1_250' title='bbox 978 3554 999 3600; x_wconf 81' lang='lat' dir='ltr'>in</span> <span class='ocrx_word' id='word_1_251' title='bbox 1009 3550 1091 3615; x_wconf 77' lang='lat' dir='ltr'>Hispa-</span> 
     </span>
     <span class='ocr_line' id='line_1_35' title="bbox 52 3605 1145 3680; baseline 0.005 -20"><span class='ocrx_word' id='word_1_252' title='bbox 52 3605 108 3660; x_wconf 82' lang='lat' dir='ltr'>haee</span> <span class='ocrx_word' id='word_1_253' title='bbox 124 3606 204 3656; x_wconf 73' lang='lat' dir='ltr'>lestio</span> <span class='ocrx_word' id='word_1_254' title='bbox 218 3626 269 3662; x_wconf 83' lang='lat' dir='ltr'>non</span> <span class='ocrx_word' id='word_1_255' title='bbox 288 3612 319 3662; x_wconf 82' lang='lat' dir='ltr'>fit</span> <span class='ocrx_word' id='word_1_256' title='bbox 347 3609 429 3663; x_wconf 87' lang='lat' dir='ltr'>torsus</span> <span class='ocrx_word' id='word_1_257' title='bbox 444 3611 558 3674; x_wconf 81' lang='lat' dir='ltr'>soloeca,</span> <span class='ocrx_word' id='word_1_258' title='bbox 593 3616 630 3663; x_wconf 82' lang='lat' dir='ltr'>nia</span> <span class='ocrx_word' id='word_1_259' title='bbox 641 3616 765 3680; x_wconf 78' lang='lat' dir='ltr'>perpeffos]</span> <span class='ocrx_word' id='word_1_260' title='bbox 788 3613 839 3668; x_wconf 86' lang='lat' dir='ltr'>Ms.</span> <span class='ocrx_word' id='word_1_261' title='bbox 863 3622 948 3668; x_wconf 80' lang='lat' dir='ltr'>Petav.</span> <span class='ocrx_word' id='word_1_262' title='bbox 965 3619 1053 3666; x_wconf 76' lang='lat' dir='ltr'>eandem</span> <span class='ocrx_word' id='word_1_263' title='bbox 1064 3618 1090 3678; x_wconf 77' lang='lat' dir='ltr'>se</span> <span class='ocrx_word' id='word_1_264' title='bbox 1141 3632 1145 3641; x_wconf 90' lang='lat'>·</span> 
     </span>
     <span class='ocr_line' id='line_1_36' title="bbox 50 3673 1091 3752; baseline 0.01 -27"><span class='ocrx_word' id='word_1_265' title='bbox 50 3673 147 3725; x_wconf 73' lang='lat' dir='ltr'>malim</span> <span class='ocrx_word' id='word_1_266' title='bbox 163 3685 252 3726; x_wconf 79' lang='lat' dir='ltr'>tamen</span> <span class='ocrx_word' id='word_1_267' title='bbox 263 3679 282 3739; x_wconf 77' lang='lat' dir='ltr'><em>s</em></span> <span class='ocrx_word' id='word_1_268' title='bbox 356 3679 476 3740; x_wconf 67' lang='lat' dir='ltr'>meursium</span> <span class='ocrx_word' id='word_1_269' title='bbox 495 3681 559 3727; x_wconf 79' lang='lat' dir='ltr'>habe-</span> <span class='ocrx_word' id='word_1_270' title='bbox 588 3684 698 3745; x_wconf 81' lang='lat' dir='ltr'>superiore</span> <span class='ocrx_word' id='word_1_271' title='bbox 714 3699 769 3729; x_wconf 81' lang='lat' dir='ltr'>anna</span> <span class='ocrx_word' id='word_1_272' title='bbox 785 3687 807 3730; x_wconf 80' lang='lat' dir='ltr'>in</span> <span class='ocrx_word' id='word_1_273' title='bbox 823 3686 929 3752; x_wconf 75' lang='lat' dir='ltr'>Hispania</span> <span class='ocrx_word' id='word_1_274' title='bbox 942 3686 1034 3750; x_wconf 73' lang='lat' dir='ltr'>inopiam</span> <span class='ocrx_word' id='word_1_275' title='bbox 1039 3696 1091 3750; x_wconf 77' lang='lat' dir='ltr'>per·</span> 
     </span>
     <span class='ocr_line' id='line_1_37' title="bbox 51 3738 844 3815; baseline 0.015 -24"><span class='ocrx_word' id='word_1_276' title='bbox 51 3754 126 3798; x_wconf 75' lang='lat' dir='ltr'>rent,</span> <span class='ocrx_word' id='word_1_277' title='bbox 145 3738 216 3806; x_wconf 89' lang='lat' dir='ltr'>quod</span> <span class='ocrx_word' id='word_1_278' title='bbox 231 3743 260 3792; x_wconf 82' lang='lat' dir='ltr'>in</span> <span class='ocrx_word' id='word_1_279' title='bbox 276 3746 328 3796; x_wconf 74' lang='lat' dir='ltr'>MS.</span> <span class='ocrx_word' id='word_1_280' title='bbox 343 3748 436 3799; x_wconf 70' lang='lat' dir='ltr'>moreh.</span> <span class='ocrx_word' id='word_1_281' title='bbox 453 3745 481 3800; x_wconf 73' lang='grc' dir='ltr'>δι</span> <span class='ocrx_word' id='word_1_282' title='bbox 497 3743 558 3800; x_wconf 78' lang='lat' dir='ltr'>edit.</span> <span class='ocrx_word' id='word_1_283' title='bbox 588 3748 662 3815; x_wconf 78' lang='lat' dir='ltr'>peffos.</span> <span class='ocrx_word' id='word_1_284' title='bbox 696 3752 730 3801; x_wconf 84' lang='lat' dir='ltr'>D·</span> <span class='ocrx_word' id='word_1_285' title='bbox 739 3747 844 3803; x_wconf 82' lang='lat' dir='ltr'>voffius.</span> 
     </span>
    </p>
   </div>
   <div class='ocr_carea' id='block_1_5' title="bbox 53 3807 886 3940">
    <p class='ocr_par' dir='ltr' id='par_1_6' title="bbox 53 3807 886 3940">
     <span class='ocr_line' id='line_1_38' title="bbox 53 3807 758 3935; baseline 0.009 -78"><span class='ocrx_word' id='word_1_286' title='bbox 53 3807 231 3876; x_wconf 73' lang='lat' dir='ltr'>stephreperi.</span> <span class='ocrx_word' id='word_1_287' title='bbox 266 3812 362 3878; x_wconf 62' lang='lat' dir='ltr'>Dentes,</span> <span class='ocrx_word' id='word_1_288' title='bbox 475 3860 478 3877; x_wconf 75' lang='grc'>,</span> <span class='ocrx_word' id='word_1_289' title='bbox 726 3880 758 3935; x_wconf 70' lang='lat' dir='ltr'>M</span> 
     </span>
     <span class='ocr_line' id='line_1_39' title="bbox 294 3893 886 3940; baseline -0.003 -9"><span class='ocrx_word' id='word_1_290' title='bbox 294 3924 299 3938; x_wconf 88' lang='grc'><em>,</em></span> <span class='ocrx_word' id='word_1_291' title='bbox 765 3893 820 3940; x_wconf 70' lang='lat' dir='ltr'>ma</span> <span class='ocrx_word' id='word_1_292' title='bbox 883 3922 886 3929; x_wconf 21' lang='lat' dir='ltr'>a</span> 
     </span>
    </p>
   </div>
   <div class='ocr_carea' id='block_1_6' title="bbox 0 0 1312 4462">
    <p class='ocr_par' dir='ltr' id='par_1_7' title="bbox 0 0 1312 4462">
     <span class='ocr_line' id='line_1_40' title="bbox 0 0 1312 4462; baseline 0 4"><span class='ocrx_word' id='word_1_293' title='bbox 0 0 1312 4462; x_wconf 95' lang='lat' dir='ltr'> </span> 
     </span>
    </p>
   </div>
  </div>
 </body>
</html>
