2616 4462
368 265 454 361 Jos.
480 265 681 339 Scauro.
704 260 863 334 Entst.
1078 263 1157 344 861'

78 405 80 411 ¹
117 382 236 450 sconia.
277 378 548 465 Quemadmodum
562 381 643 444 enim
669 377 781 443 Africa
797 377 911 442 dicitur
933 395 1002 447 rota
1017 382 1070 449 illa
1084 407 1158 453 ma·

119 490 180 554 gna
196 468 379 539 continens,
402 487 470 550 quat
490 486 577 549 patet
601 466 619 529 ὲ
642 465 719 529 Nilo
737 463 775 526 ad
796 463 924 537 Gades,
946 469 982 531 δε
1002 487 1105 552 tamen
1121 472 1155 536 in

118 575 153 618 ea
173 574 238 618 erat
262 550 423 636 provincia
443 595 453 627 ,
477 571 541 635 quae
562 551 758 633 peculiariter
779 547 937 629 dicebatur
963 548 1101 627 Africa,
1122 556 1155 620 in
1275 624 1278 628 ,

116 659 178 784 pua
200 637 384 718 Carthago:
406 635 450 699 ita
467 636 622 699 Vasconis
640 635 765 719 quidem
784 633 902 697 dicitur
916 636 1101 719 amplissima
1116 637 1157 700 il·

130 723 273 804 aregio,
295 740 361 803 quae
379 719 457 784 olim
473 741 587 785 vocata
603 717 660 784 suit
678 719 983 802 Novempopulania.
1026 718 1086 785 Sed
1104 729 1161 804 pe·¹

116 805 276 883 culiariter
294 805 450 870 Vasconia
469 825 591 889 quoque
607 805 720 868 dicitur
740 805 770 866 in
793 825 828 867 ea
846 803 1053 889 Episcopatus
1069 806 1170 869 Com·

98 887 288 953 -‘domiensts.
329 891 438 973 ltaque
457 887 664 956 Seneschallus
686 887 874 984 Agennensts
894 908 987 953 vocat
1010 892 1038 954 se
1061 888 1159 957 Sene-

118 973 266 1037 schallum
292 972 512 1060 Agennensrum
539 979 572 1040 δε
595 973 788 1039 Vaseoniae,
819 972 941 1047 idest,
974 974 1157 1040 Condomii.

120 1062 197 1144 Quae
216 1056 385 1140 appellatio
408 1079 493 1123 vetus
508 1058 559 1123 est.
603 1060 690 1122 Nam
713 1052 907 1141 temporibus
932 1057 1039 1142 Pipini
1063 1079 1159 1144 pagus

119 1141 304 1226 Agennensrs
328 1144 406 1207 citra
429 1146 617 1208 Garumnam
643 1148 678 1209 δι
706 1142 787 1206 ultra
810 1143 1001 1228 Garumnam
1028 1143 1158 1211 diceba·

119 1244 180 1291 tur.
209 1228 318 1313 ltaque
339 1227 394 1292 sub
414 1229 529 1314 Pipino
548 1230 579 1291 io
603 1225 801 1291 vetustissimis
824 1226 1001 1291 Annalibus
1026 1227 1158 1294 refertur

118 1310 228 1407 pluille
244 1309 398 1407 frumento
414 1315 445 1376 in
455 1335 537 1399 pago
554 1312 723 1410 ngennenst
739 1311 819 1376 ultra
835 1311 1045 1407 Garumnam:
1066 1314 1099 1376 id
1115 1313 1158 1378 est

119 1396 1162 1628 {snsir“3¹22ullsl‘lgblsllzllsss?‘latisinill:

135 1586 266 1630 amento.

161 1649 339 1733 Senesclallia
354 1650 524 1714 cadurcium
542 1649 703 1736 Quies)
727 1648 865 1712 continet
880 1648 954 1715 duas
969 1648 1158 1724 Dioeceses3¹

121 1733 282 1800 Divonatn
293 1732 504 1800 Cadurcorum
524 1733 669 1822 (Cohors),
694 1733 990 1801 &Montalbanum
1009 1732 1157 1817 Subiacet

121 1819 507 1885 ParlamentoTolosano.
727 1862 729 1867 -
1243 1878 1246 1885 .

163 1906 343 1989 Seneschallia
362 1904 519 1990 Ruttnensss
541 1900 729 1990 (sinuargue)
751 1901 966 1988 complediitur
979 1899 1159 1966 (luasDioe-

122 1988 219 2056 ceses,
241 1985 435 2074 Segodunum
454 1991 648 2053 Rutenorum
671 1987 824 2069 (nodat),
845 1992 879 2056 δί
892 1987 1025 2056 Vabras.
1045 1984 1158 2071 Subia-

123 2091 174 2136 cet
190 2073 387 2138 Parlamento
404 2075 574 2138 Tolosano.

163 2161 388 2241 languedolnum
404 2179 505 2223 totum
524 2158 564 2223 est
575 2153 626 2220 sub
643 2155 843 2222 Parlamento
860 2155 1033 2220 Tolosano.
1055 2156 1160 2220 Corn·

121 2242 284 2327 prehendit
304 2264 364 2309 tres
393 2245 524 2328 ingentes
551 2241 794 2315 Seneschallias,
825 2241 1045 2316 Tolosanum,
1078 2241 1161 2305 Car·

123 2325 352 2404 cassonensent,
380 2326 665 2416 Belloquadrensem
696 2323 920 2410 (Beaucaire).
951 2325 1160 2412 Episcopatus
1200 2331 1202 2335 ’

123 2429 204 2475 xxi.
789 2462 791 2467 .
1200 2437 1203 2443 ·

166 2501 338 2562 Arvernium
364 2499 557 2585 (asverget)
582 2494 731 2560 dividitur
750 2497 781 2559 in
798 2514 1009 2568 montanum,
1032 2496 1067 2561 δι
1087 2494 1160 2580 pla·'

123 2598 209 2650 num.
230 2581 361 2646 Planum
377 2582 669 2649 diciturAlitnania.
692 2579 773 2665 quod
789 2601 900 2646 nomen
915 2580 978 2665 jam
994 2578 1160 2650 obtinebat
1263 2567 1264 2570 ¹
1295 2662 1297 2667 s

123 2683 264 2748 tempore
278 2667 420 2749 Gregorii
444 2665 628 2734 Turonensis
644 2691 655 2738 3
678 2687 744 2750 quae
762 2667 849 2751 regio
863 2667 972 2750 opima
987 2663 1029 2729 est
1043 2667 1077 2728 &
1096 2659 1159 2727 ser·

123 2749 284 2821 tissima,
308 2751 487 2818 civitatibus
509 2751 700 2836 amplissimis
718 2774 727 2815 ε
748 2752 851 2823 uicis,
873 2750 959 2814 villis
976 2790 987 2823 ‚
1005 2747 1161 2831 pretoriis

123 2833 295 2918 magnificis
310 2835 442 2899 exculta.
484 2837 559 2902 Duo
574 2836 781 2919 Episcopatus
796 2834 909 2898 suntin
928 2830 1101 2906 Arvernio,
1124 2832 1160 2896 in

123 2917 222 3003 plano
245 2917 367 3002 quidem
393 2919 686 3005 Augustonemetum
710 2921 922 2985 Arvernorum
940 2961 951 2991 ,
972 2919 1109 2980 clermont
1124 2939 1160 2978 en

124 3008 295 3087 Ausergne,
321 3023 383 3065 non
399 3004 490 3088 longe
516 3002 705 3088 &Gergovia
730 3003 870 3068 Cessatis.
900 3004 938 3068 In
954 3019 1104 3064 montano
1115 2998 1159 3064 est

104 3145 107 3155 ,
124 3087 332 3173 Episcopatus
345 3084 612 3153 Samius-Florus.
630 3087 752 3153 Totum
768 3088 955 3155 Arverniutn
968 3085 1009 3150 eli
1025 3085 1079 3149 sub
1096 3084 1160 3150 Pa·

125 3171 233 3238 risens
248 3171 459 3239 Parlarnento.
591 3250 593 3254 ι

165 3260 254 3342 Pagus
271 3256 476 3333 Gabalitanis.
496 3257 591 3344 vulgo
609 3256 795 3330 Giuauldan,
817 3275 907 3322 unum
933 3254 1159 3340 Episcopatum

125 3339 220 3404 habet
234 3341 452 3409 Mimatensem
469 3389 479 3421 ‚
499 3345 592 3428 vulgo
611 3341 723 3407 Mende.
753 3341 858 3409 Subest
877 3340 1039 3407 Tolosano
1054 3339 1160 3427 Parla-

125 3444 243 3493 mento.
267 3426 319 3491 Est
334 3430 417 3508 enirn
433 3430 464 3494 in
481 3426 712 3512 Languedokio.
1120 3472 1125 3492 ·.

91 3519 95 3525 ’
168 3515 258 3595 Pagus
272 3517 301 3572 V
300 3509 467 3593 claunenfis,
488 3535 580 3578 unum
594 3513 818 3596 Episcopatum
832 3508 925 3575 habet
940 3498 1158 3584 siniciensem,

125 3597 152 3661 le
168 3598 221 3657 Pui
233 3618 264 3656 en
279 3598 379 3660 Vellai.
401 3599 452 3664 Est
462 3619 533 3686 pars
548 3596 779 3684 Languedolsii,
800 3593 871 3661 ideo
885 3595 981 3662 subest
996 3594 1158 3661 Tolosaoo
1288 3674 1290 3679 Ι

154 3679 335 3743 arlameoto.
1277 3730 1280 3737 Ι

124 3680 294 3856 Picatnfis
306 3767 454 3846 Dicatur,
475 3769 574 3857 (frix)
597 3787 670 3838 aute
686 3787 803 3857 paucos
822 3786 921 3862 annos
931 3761 1101 3837 attributus
1116 3767 1161 3834 est
1288 3788 1292 3795 “

976 3910 981 3919 ,
1075 3849 1162 3936 Lau·
1272 3847 1276 3855 ’
