2616 4462
136 199 141 208 ’
167 278 173 287 ,
200 194 205 207 ’
256 231 317 290 ue
340 210 503 288 Brenno
529 203 698 287 Crvrnr
719 174 824 286 [ἐπῆ.
850 208 919 288 111.
1044 222 1130 321 ‘59¹‘

80 338 159 417 iteu
176 326 260 438 quid
279 336 327 409 sui
344 335 586 410 defiderarent.
611 331 691 406 Hoc
707 330 860 406 adhibita
872 332 1069 436 diligentis,
1085 366 1130 417 ex
1148 359 1179 456 ς’
1255 413 1258 418 ,
1278 408 1281 415 .

85 435 203 511 oestris
218 434 280 509 fibi
297 433 536 534 legionesslias
550 455 750 517 occurrere,
774 430 812 506 ὃς
827 453 902 524 eas,
916 454 1002 604 auus
1013 434 1129 525 secum
1155 490 1159 495 -

88 533 263 623 duxerat,
287 532 436 606 invicem
455 556 490 606 re
517 529 683 622 uiescere,
702 533 806 628 atque
828 528 867 603 in
880 553 918 604 ca
950 555 985 607 ra
998 537 1127 613 teverti

84 624 204 732 juffit:
229 630 422 727 eodemque
438 557 674 704 dieqimrissam
690 627 864 726 pervenit.
1105 697 1106 701 ,

136 727 308 804 XCIX.
330 727 373 800 In
392 752 434 801 eo
449 725 578 826 proeiio
593 748 665 800 non
680 723 827 821 amplius
843 749 890 801 cc
906 725 1031 802 milites
1041 726 1128 803 defi·
1152 755 1176 823 ιτ,

86 824 240 911 detavit3
262 824 319 898 sed
339 824 575 917 centuriones,
599 821 705 898 fortes
722 822 836 916 viros,
858 821 993 900 circiter
1006 836 1128 900 xxx'a·
1154 915 1155 918 Ἴ

89 922 198 997 misit.
225 920 430 998 Interfeetus
446 921 496 996 est
511 921 612 996 etiam
626 917 805 995 fortiffime
819 944 978 1022 pugnans
997 921 1129 998 Crasti-

88 1044 177 1111 nus,
201 1019 301 1118 cujus
316 1021 526 1094 mentionem
535 1019 634 1118 supra
646 1016 813 1109 fecimus,
827 1018 944 1118 gladio
961 1020 998 1094 in
1012 1046 1052 1095 os
1066 1021 1126 1097 ud·
1217 1061 1220 1070 ·
1275 1055 1278 1064 =

89 1118 228 1190 versum
246 1116 417 1215 conjecto.
451 1118 583 1217 Neque
597 1115 633 1190 id
651 1114 717 1189 fuit
732 1113 879 1202 falsum,
905 1117 1002 1216 quod
1017 1119 1075 1192 ille
1088 1119 1125 1194 in
1148 1148 1177 1203 ι

17 1291 22 1297 ,
71 1237 244 1314 ,pugnam
258 1213 476 1314 proficiscens
488 1214 630 1290 dixerat.
653 1212 712 1288 Sic
725 1213 818 1289 enim
827 1212 942 1288 Caesar
956 1215 1127 1290 existima-

88 1311 177 1401 bat,
210 1337 253 1386 eo
280 1311 408 1410 proelio
434 1310 748 1388 excellentiffimam
776 1311 943 1388 virtutem
973 1311 1126 1389 Crastini

10 1496 15 1513 1
59 1457 61 1463 ·
88 1407 188 1484 fuiffe
209 1410 230 1498 ς’
245 1410 447 1509 optimeque
465 1435 546 1485 eum
562 1411 605 1484 de
621 1409 654 1483 se
669 1407 832 1499 meritum
844 1408 1030 1508 judicabat.
1065 1413 1125 1487 Ex
1150 1429 1175 1516 3

89 1505 304 1604 Pompejano
322 1505 478 1582 exercitu
504 1506 640 1582 circiter
655 1505 762 1580 millia
782 1531 840 1581 xv
858 1507 1011 1581 cecidisse
1027 1509 1125 1586 vide-

89 1602 246 1678 bantur:
273 1605 328 1677 sed
353 1605 388 1678 in
411 1604 624 1679 deditionem
649 1623 821 1680 venerunt
843 1603 990 1702 amplius
1016 1606 1125 1682 millia

90 1725 202 1786 xxiv,
217 1715 387 1800 (namque
403 1703 505 1776 etiarn
514 1704 690 1780 cohortes,
708 1700 1127 1800 quaepraesrdioincastel·

58 1869 61 1874 ,
90 1798 134 1872 lis
150 1798 313 1890 fuerunt,
339 1798 403 1872 sese
422 1801 530 1875 Sullae
542 1799 760 1873 dediderunt.
787 1797 888 1871 multi
908 1818 1071 1897 ptaetcres
1087 1801 1126 1876 in

90 1895 253 1971 finitimas
274 1896 428 1971 civitates
455 1896 679 1996 refugerunt)
708 1893 870 1994 signaque
893 1895 1050 1972 militaria
1075 1907 1171 2004 exit}

28 2068 35 2079 ,
133 1994 220 2067 oelio
237 1996 276 2067 ad
293 1993 462 2070 Caesarem
483 1996 561 2069 sunt
583 1994 683 2069 relata
699 2017 835 2082 ccxxx,
855 1992 891 2065 dt
907 1993 1046 2092 Aquilae
1066 2020 1124 2074 rx.

89 2018 137 2167 ἲ..
163 2092 342 2167 Domitius
361 2117 405 2165 ex
428 2092 540 2168 castris
557 2093 592 2166 in
610 2096 763 2167 montem
790 2088 987 2188 refugiens,
1012 2116 1125 2191 quum

90 2191 270 2265 vireseum
291 2188 482 2266 laffitudine
499 2189 720 2278 defeciss'ent,
746 2187 789 2262 sb
809 2187 984 2287 equitibus
999 2190 1048 2265 est
1069 2190 1125 2265 in·

88 2285 266 2382 terfedtus.

136 2384 182 2458 C.
219 2386 355 2464 Eodem
387 2407 542 2487 tempore
567 2385 617 2459 D.
645 2381 778 2459 Laetius
802 2409 882 2460 cum
912 2385 1009 2459 classe
1039 2401 1052 2438 ¹
1079 2389 1121 2463 sd
1150 2406 1170 2457 s

86 2479 309 2558 Brundisium
328 2489 449 2573 venit3
472 2484 659 2582 eademque
683 2481 841 2575 ratione,
865 2508 932 2582 qua
954 2481 1122 2560 factumn*

87 2575 230 2653 Libone
246 2580 679 2666 antesdemonstravimus,
696 2579 837 2654 insulam
853 2580 1021 2680 objedian'r
1040 2607 1120 2679 por-

85 2677 138 2750 tui
157 2677 494 2755 Brundifinotenuit.
518 2677 869 2769 SimiliterVatinius,
893 2679 954 2778 qui
971 2677 1118 2754 Brundi·
1142 2696 1169 2747 2
1208 2713 1210 2717 ·
1290 2744 1293 2752 .

86 2771 135 2846 fio
152 2796 316 2872 praeerat,
333 2777 430 2851 tentis
439 2776 650 2874 instratisque
661 2774 788 2874 scaphis
796 2776 914 2850 elicuit
925 2800 1024 2850 naves
1037 2776 1119 2850 Lae·
1150 2827 1153 2831 -

84 2868 207 2960 lianas3
221 2893 324 2969 atque
336 2899 379 2947 ex
390 2875 441 2949 his
456 2875 595 2974 longius
606 2873 809 2973 productam
826 2897 929 2947 unam
946 2872 1119 2972 quinque-

84 2991 212 3045 remem
235 3029 244 3056 ,
270 2973 308 3045 ὅ(
325 2971 474 3045 minores
487 2973 568 3045 duas
585 2971 620 3044 in
634 2971 797 3072 angustiis
808 2988 931 3068 portus
946 2971 1062 3069 cepit:
1089 2972 1134 3046 i··

20 3064 23 3068 ’
83 3084 225 3167 temque
241 3069 447 3169 perequites
460 3067 731 3167 dispofitosaqut
747 3065 1118 3166 prohibeteciaffiarios
1184 3059 1192 3073 ⁵
1234 3069 1238 3075 ’

82 3160 244 3241 instituit.
278 3169 347 3244 Sed
362 3166 495 3242 Laelius
520 3187 674 3266 tempore
692 3167 770 3238 anni
786 3164 1021 3242 commodiore
1038 3169 1117 3244 usus
1141 3188 1166 3271 3
1252 3227 1255 3232 -

82 3261 1116 3364 sdnavigandum,onerariisnavibusCorcyraDyrrhachio·

82 3381 153 3459 que
170 3371 289 3459 aquam
307 3363 374 3438 suis
384 3361 604 3464 supportabat
614 3388 624 3452 ;
649 3385 760 3461 neque
776 3358 796 3434 d
811 3361 988 3460 proposrto
1002 3363 1116 3437 deter-

994 3520 998 3524 .
1018 3463 1116 3535 reba·

115 3578 138 3616 r.
167 3566 213 3612 -Ad
235 3569 396 3631 Brunds‘fium]
419 3575 493 3621 Lava
512 3570 598 3620 mens'
612 3567 736 3630 Inffanam
751 3567 983 3618 navibus-advolavit.
1005 3570 1038 3619 Et
1056 3585 1114 3636 cap.

79 3633 129 3681 Pet·
149 3633 278 3679 ciacconius„
292 3634 398 3704 urgebat
416 3671 423 3695 ,
448 3653 505 3688 cum
520 3635 586 3685 hanc
597 3642 602 3690 t
613 3650 653 3686 xc.
672 3644 709 3687 nr.
726 3639 837 3700 Pompeius
849 3634 913 3695 fitius
928 3657 974 3676 -
985 3634 1014 3681 ad
1026 3640 1114 3684 onon

59 3698 70 3711 ³
78 3695 283 3763 praepofitionem
295 3698 430 3755 detersam
439 3701 489 3754 esst
502 3699 586 3753 oense·
598 3705 603 3768 '7
613 3707 683 3752 venir.
699 3702 737 3753 Sic
752 3702 778 3753 δι
787 3701 926 3757 innumeris
937 3701 963 3750 in
973 3699 1037 3748 locis
1046 3703 1115 3764 casn

79 3775 134 3822 tete
149 3778 212 3818 nam
228 3777 283 3832 cap.
302 3779 330 3819 cr
346 3770 440 3841 legitur
459 3773 540 3834 castam
557 3771 589 3820 ad
601 3769 711 3836 tabique
726 3765 790 3823 bost
805 3765 927 3820 sudores.
943 3768 1041 3818 Davus.
