2616 4462
110 229 116 236 ’
181 275 195 347 ’ᾗ
276 246 932 332 nanuuoCrvrutLru.Ill.·
987 348 990 354 ι
1062 251 1147 351 '5⁸5¹-

112 379 258 456 modlsad
272 386 401 454 Ort‘cum
418 409 486 452 cum
500 381 621 452 Libone
633 380 672 448 tle
688 377 846 448 mittendis
855 379 961 476 legatis
971 368 1144 472 cantendfi'
1197 434 1200 439 >

106 484 174 576 fet:
194 508 289 576 neque
302 481 338 573 β’
351 505 485 574 unquam
502 478 587 548 abuti
598 480 734 547 militnm
743 478 910 574 sanguine,
926 481 1133 577 nequeRemp.
1165 497 1192 588 3

112 581 254 647 alterutro
281 584 417 647 exercitu
426 582 554 676 privare
575 573 710 664 valuisse·
743 571 822 644 Hac
837 571 948 644 habita
964 571 1139 664 oratione,
1161 608 1189 686 4
1205 576 1211 587 ’

112 672 377 771 exposcentibus
391 672 574 757 militibus,
597 671 635 744 δε
651 668 764 744 studio
778 670 908 768 pugnae
921 667 1140 753 ardentibus,

110 771 195 847 tuba
211 769 347 867 fignum
368 771 474 842 dedit.
932 807 937 819 ,
1183 850 1186 855 Ι

160 865 267 941 Xer.
294 868 378 940 Erat
390 866 567 941 Crastinus
583 883 746 948 evocatus
760 863 964 940 in·exercitu
979 863 1144 952 Cael‘aris,
1172 881 1194 946 ι·

112 965 175 1061 qui
193 963 230 1036 su
257 966 364 1037 eriore
378 983 468 1037 anno
484 965 576 1064 apud
590 988 669 1038 curn
686 964 836 1058 primum
854 963 965 1058 pilum
985 964 1020 1037 in
1037 962 1146 1063 legio·
1188 957 1193 966 ’

113 1085 202 1134 nex
243 1082 382 1151 uxerat,
406 1063 459 1134 vir
471 1059 633 1160 singulari
649 1059 790 1132 virtute.
816 1060 907 1147 Hic,
926 1057 1024 1160 ligno
1041 1061 1146 1150 dato,

116 1163 289 1252 Sequimini
304 1186 379 1247 me,
405 1157 519 1258 inquit
537 1216 548 1250 ,
571 1161 777 1256 manipulares
802 1162 862 1227 mei
877 1162 930 1252 qui
939 1158 1073 1250 suisliss
1098 1173 1146 1229 (θ’

115 1254 211 1350 ndito
228 1259 441 1354 Imperatori,
463 1284 553 1352 quam
568 1252 781 1351 constituillis,
805 1254 1009 1354 aperamalute.
1033 1261 1143 1324 Unum
1167 1292 1192 1348 2

116 1349 173 1421 hae
181 1353 328 1452 pralium
338 1353 471 1452 superest
491 1385 501 1422 :
525 1379 579 1448 quo
596 1354 748 1445 canfhlla,
774 1369 821 1423 (φ
835 1354 889 1420 ille
895 1351 989 1445 suam
1008 1352 1144 1451 dignita·

114 1467 178 1516 tem
197 1500 208 1532 ,
233 1462 281 1519 (Γ
299 1475 352 1518 nos
372 1447 502 1539 nestram
522 1448 691 1521 libertatem
707 1445 954 1548 recuperabimus.
978 1446 1079 1522 fimul
1092 1472 1144 1522 re·
1169 1481 1191 1564 3
1231 1476 1247 1511 ν

113 1540 257 1642 spiciens
272 1541 466 1637 Caesarem,
489 1553 628 1627 Faciam,
653 1542 791 1642 inquit,
818 1545 928 1629 lodie,
952 1551 1146 1646 Imperator,

117 1662 211 1711 urant
223 1647 300 1710 viva
317 1642 393 1713 milti
402 1699 412 1732 ,
435 1666 487 1712 aut
496 1665 611 1726 mortuo
620 1648 740 1738 gratias
755 1666 837 1738 agas.
864 1641 955 1714 Haec
966 1666 1075 1740 quum
1091 1641 1146 1715 di·

115 1736 236 1827 sisset,
259 1739 389 1836 primus
405 1762 449 1812 ex
469 1739 592 1812 dextro
607 1762 715 1811 cornu
735 1739 924 1835 procurrit:
948 1735 1050 1835 atque
1065 1763 1148 1812 eum

118 1835 251 1930 milites
259 1833 359 1909 eledti
374 1835 508 1910 circiter
525 1858 596 1909 cxx
612 1834 798 1910 voluntarii
815 1834 965 1933 ejusdem
983 1835 1148 1912 centuriae

116 1929 197 2004 sunt
214 1930 395 2026 prosecuti.
450 1968 465 1980 ‘-
875 1994 877 2001 .
934 1982 936 1985 .

165 2027 288 2104 XCll.
314 2030 406 2104 Inter
419 2030 503 2105 duas
516 2031 600 2106 acies
618 2049 750 2106 tantum
770 2051 841 2105 erat
859 2029 1020 2104 relidtum¹
1034 2029 1147 2128 spatii,
1175 2051 1191 2100 1

118 2146 158 2213 ut
181 2126 256 2200 satis
275 2127 357 2202 elset
376 2129 418 2202 ad
447 2129 652 2203 concursum
679 2129 858 2226 utriusque
879 2127 1059 2222 exercitus.
1091 2127 1150 2203 sed

116 2224 305 2323 Pompejus
321 2224 388 2300 suis
404 2226 634 2324 praedixerat,
658 2247 698 2299 ut
713 2225 856 2299 Caesaris
872 2225 1038 2333 impetum
1056 2224 1151 2300 exci-
1209 2218 1214 2229 ’

117 2342 258 2418 parent,
281 2347 368 2396 neve
385 2325 418 2398 se
433 2324 511 2396 loco
528 2343 729 2410 movercut3
751 2325 926 2421 aciemque
941 2330 1013 2422 ejus
1031 2323 1150 2396 distra-
1191 2384 1196 2397 ..

117 2404 377 2512 hi‘paterentur.
409 2421 513 2520 idque
529 2421 706 2494 admonitu
724 2419 768 2491 C.
784 2422 910 2494 Triarii
930 2419 1040 2493 fecisse
1058 2420 1147 2494 dice·
1173 2436 1200 2508 ξ

118 2513 240 2600 batur,
265 2538 304 2590 ut
318 2518 448 2615 primus
465 2518 626 2592 excursus
642 2517 761 2616 visque
777 2517 927 2591 militum
946 2517 1153 2616 infringere-t
1238 2575 1242 2580 .

117 2631 197 2705 tur3
212 2612 637 2710 aciesquedistenderetur3
652 2615 827 2713 atquesuis
839 2615 1017 2688 ordinibus
1035 2615 1149 2708 dispo-

115 2707 348 2808 fitidispersos
356 2712 588 2786 adorirentur:
611 2713 866 2812 leviusquoque
874 2711 986 2785 casura
1001 2711 1068 2808 pila
1077 2711 1149 2805 spe-

116 2805 233 2897 rabat,
259 2807 294 2879 in
311 2807 533 2884 locoretentis
550 2809 736 2901 militibus,
761 2834 863 2907 quam
879 2808 902 2879 fi
920 2806 980 2905 ipss
996 2804 1147 2880 immiffis

74 2914 83 2931 ‘
111 2903 192 2978 'telis
207 2905 430 2982 occurriffent
450 2933 458 2979 :
487 2906 587 2979 fimul
610 2905 713 2997 fore,
736 2928 805 2997 ut,
828 2905 1002 3002 duplicato
1016 2905 1115 2978 cursu
1134 2946 1165 2994 ,r

116 2998 261 3083 Caesaris
276 3001 400 3077 milites
415 3004 711 3094 exanimarentur,
733 3004 770 3076 &
788 3001 977 3078 laffitudine
994 2999 1146 3075 confice·

114 3118 246 3173 rentur.
286 3100 395 3197 Quod
415 3101 513 3174 hobis
543 3100 681 3199 quidem
705 3100 798 3175 nulla
821 3101 950 3173 ratione
977 3097 1143 3172 nerunt
1169 3124 1191 3208 3

72 3236 76 3240 -
95 3194 286 3296 ·Pom'pejo
303 3197 464 3272 videtur:
491 3218 671 3297 propterea
688 3198 783 3295 quod
801 3194 850 3269 est
866 3195 1021 3296 quadam
1037 3195 1144 3270 animi

114 3290 296 3385 incitatio,
318 3315 421 3396 atque
436 3295 584 3369 alacritas
605 3295 801 3369 naturaliter
822 3293 936 3367 innata
958 3293 1154 3391 omnibus„

116 3409 198 3484 quae
227 3389 340 3465 studio
370 3416 500 3493 pugnae
528 3393 729 3468 incenditur.
765 3392 853 3466 hanc
878 3416 951 3467 non
978 3417 1013 3466 re
1042 3392 1163 3464 nme-—
1201 3415 1204 3419 ·

113 3507 177 3594 re,
208 3483 262 3561 sed
276 3513 402 3587 augere
423 3496 642 3586 imperatores
658 3489 804 3578 debent3
819 3514 931 3600 neque
946 3417 1068 3565 fra-risa
1081 3512 1142 3560 an-

111 3581 269 3681 trquitus
283 3584 481 3663 institutum
501 3586 551 3662 est
577 3645 588 3674 ‚
618 3610 659 3661 ut
682 3587 775 3686 signa
797 3587 952 3686 undique
982 3584 1156 3663 concine-'
1244 3657 1248 3664 .

95 3692 219 3779 rent,
242 3681 497 3791 clamoremque
513 3684 664 3766 universa
686 3686 873 3859 tolleregt:
900 3682 1026 3782 quibus
1041 3681 1155 3859 rebrpp·
1194 3684 1197 3687 ’

721 3848 723 3853 .
844 3805 913 3884 05
970 3845 972 3848 ⁴
1015 3827 1021 3839 ι
1106 3866 1109 3871 ,
