2616 4462
192 298 269 384 500
415 286 463 360 C.
484 287 516 382 J.
540 285 763 361 CAEsnnrs
785 281 1057 385 Commune.-

195 430 308 478 rerum
325 403 564 480 nihilomnino
579 411 744 481 acciderat
759 434 766 480 :
791 408 845 479 alii
862 404 995 479 classem
1006 397 1228 480 hostiumco·

148 514 170 593 3
195 502 308 576 lerittr
329 504 562 579 advolaturam
581 506 835 604 suspicarentur.
860 504 1009 600 ltaque,
1030 503 1226 597 perterritis

194 604 375 691 omnibus,
400 602 460 673 fibi
479 601 622 700 quisquc
637 603 845 677 consulebat.
856 600 938 698 Qui
955 595 1088 671 inclasse
1096 621 1224 690 erant,

192 698 363 793 proficisci
381 702 618 797 properabant.
643 702 786 774 Horum
797 700 879 798 suga
897 696 1036 769 navium
1048 696 1224 767 oneraria-

193 818 270 866 rum
289 796 466 893 rrragistros
489 797 658 871 incitabat.
697 798 794 894 pauci
809 794 986 869 lenunculi
1007 790 1049 863 ad
1061 788 1220 866 officium

144 906 171 985 4
194 892 445 990 imperiumque
474 895 736 968 conveniebant.
772 894 932 966 sed'tanta
952 908 1025 964 erat
1041 888 1223 985 completis
1254 952 1260 963 .

192 989 368 1061 littoribus
383 992 581 1080 contentio,
604 992 665 1090 qui
681 991 889 1088 potissimum
904 1013 948 1061 ex
965 1007 1092 1085 magno
1100 1008 1221 1059 nume·
1261 1044 1265 1053 .

191 1110 234 1158 ro
248 1086 534 1176 conscenderent3
549 1089 821 1162 utmultitudine
834 1110 937 1185 atque
952 1106 1058 1158 onere
1072 1083 1222 1155 nonnul·
1263 1128 1265 1161 :

193 1182 219 1253 li
236 1183 539 1279 deprimerentur,
571 1185 695 1286 reliqui
711 1187 758 1260 ob
782 1187 941 1261 timorem
964 1179 1111 1280 propius
1127 1180 1226 1267 ¹adire
1262 1186 1265 1279 g

192 1280 416 1354 tardarentur.
1262 1282 1265 1305 ¹

149 1396 167 1444 1
241 1377 384 1452 XLlV·.
407 1378 546 1471 Quibus
564 1382 665 1455 rebus
674 1380 816 1471 accidit,
831 1399 873 1454 ut
887 1376 985 1480 pauci
1001 1374 1149 1467 milites,
1165 1382 1227 1477 pa·¹

195 1473 329 1572 tresque
345 1475 481 1548 familiae
505 1533 515 1566 ,
540 1478 599 1574 qui
614 1500 672 1552 aut
688 1480 793 1578 gratia
814 1500 873 1551 aut
889 1472 1118 1549 misericordia
1133 1475 1225 1547 vale·

193 1592 293 1661 rent,
315 1594 374 1645 aut
389 1598 488 1646 naves
502 1575 623 1649 adnare
638 1577 789 1674 poss'cn't,
813 1574 939 1672 recepti
949 1572 985 1645 in
1002 1568 1152 1659 Siciliam
1171 1571 1224 1645 in·

190 1667 345 1744 columcs
360 1672 588 1765 pervenirent.
613 1673 753 1771 reliquae
768 1673 898 1769 copiae,
917 1666 1020 1745 milsrs
1034 1666 1221 1743 adVarum

191 1764 299 1839 nodlu
325 1786 336 1819 1
356 1769 549 1864 legatorum
566 1794 711 1844 numero
726 1768 984 1851 centurionibus
999 1822 1011 1858 ,
1033 1764 1103 1839 sese
1116 1763 1148 1839 ei
1163 1766 1224 1839 de·
1251 1824 1256 1831 .

78 1870 81 1875 '
143 1868 170 1942 '2
194 1861 364 1937 diderunt.
389 1867 552 1956 Quorum
569 1867 727 1946 cohortes
742 1866 892 1940 militum
909 1863 997 1961 juba
1010 1864 1151 1960 postero
1169 1862 1223 1937 die

191 1982 271 2034 ante
292 1962 459 2060 oppidum
476 1963 714 2061 conspicatus,
739 1963 830 2036 suam
847 1961 912 2034 esse
930 1960 1118 2060 praedicans
1133 1984 1221 2057 prae·

192 2057 296 2143 dam,
326 2083 483 2160 magnam
500 2082 628 2158 partem
647 2085 768 2135 eorum
787 2058 934 2134 interfici
947 2054 1043 2156 juffit
1061 2084 1078 2143 ε,
1138 2080 1222 2131 ucos

144 2174 167 2254 3
193 2154 319 2230 elesios
334 2157 368 2229 in
383 2181 530 2258 regnum
545 2157 685 2233 remisit.
712 2159 808 2230 Cum
823 2157 936 2232 Varus
950 2154 1085 2230 suamfi
1110 2180 1166 2231 em
1180 2153 1221 2227 ab
1244 2198 1247 2203 ·

192 2277 235 2323 eo
246 2253 324 2325 laedi
338 2276 559 2350 quereretur,
576 2280 688 2353 neque
700 2254 848 2328 resistere
862 2253 1023 2341 audetet3
1043 2250 1116 2351 ipse
1130 2276 1220 2351 equo

191 2346 229 2418 in
247 2349 415 2445 oppidum
438 2352 559 2426 vectus
578 2410 588 2439 ,
613 2352 897 2451 prosequentibus
918 2348 1160 2459 compluribus
1175 2348 1245 2423 se·-

192 2446 384 2531 natoribus,
409 2450 533 2544 quoin
551 2474 695 2522 numero
709 2471 779 2523 erat
799 2450 869 2523 Ser.
885 2446 1077 2546 Sulpicius,
1103 2448 1142 2522 bt
1159 2446 1219 2521 Li·

154 2624 156 2628 ¹
191 2541 301 2615 cinius
323 2543 575 2641 Damafippus,
599 2547 713 2644 paucis
727 2546 875 2636 diebus,
899 2570 979 2644 quae
993 2544 1071 2619 fieri
1094 2544 1221 2631 vellet,

191 2638 311 2714 Uticae
334 2641 511 2715 constituit
532 2700 543 2732 ,
574 2664 676 2742 atque
694 2643 904 2742 imperavit:
936 2640 1124 2739 diebusque
1141 2640 1223 2740 post

189 2738 306 2837 paucis
323 2738 355 2812 se
373 2741 409 2811 in
428 2763 576 2838 regnum
591 2767 670 2815 cum
688 2740 849 2815 omnibus
864 2738 970 2836 copiis
984 2736 1119 2837 recepit.

223 2938 247 2975 1.
270 2928 400 2986 anrorum
414 2938 500 2971 numero
515 2924 686 2981 centurionibus]
720 2919 799 2972 srdum
811 2935 916 2971 nurnero
930 2921 1004 2984 miffar
1015 2916 1100 2985 quise
1114 2918 1223 2982 infmi-

187 2990 354 3056 hungaris,
371 2987 685 3054 Legatoramloco,quod
718 3002 763 3036 rure
780 2992 807 3042 ir
820 2989 899 3036 catenis
920 2988 1040 3050 renuiffm.
1069 2990 1133 3035 cun.
1151 2993 1223 3050 Nepos

188 3069 247 3104 enm
268 3071 321 3104 non
344 3055 517 3120 intelligerent
535 3054 640 3105 Librarii
656 3055 683 3103 in
718 3059 808 3120 Epam.
832 3067 888 3119 cap.
906 3067 965 3111 vti,
988 3069 1012 3105 1.
1043 3054 1100 3101 Em
1115 3055 1176 3099 enim
1194 3052 1222 3099 ili

189 3118 263 3172 editt.
287 3128 352 3188 Rom.
381 3127 430 3171 Ven.
454 3123 554 3172 Beroald.
579 3118 683 3186 aliisque
714 3125 817 3183 privatus
830 3133 936 3169 numero
950 3119 1052 3169 militis.
1076 3118 1139 3169 nlla
1156 3117 1222 3167 lianc

189 3186 320 3234 nonnullis
334 3199 448 3250 cormpte
456 3188 547 3254 legitur
556 3191 684 3252 [quiscum
717 3185 932 3250 inremexempla
956 3178 1222 3251 etipolsuntexffm.

188 3252 348 3300 centurionibus.
373 3250 462 3302 Noster
479 3250 523 3304 lib.
536 3270 560 3304 v.
573 3254 605 3303 de
620 3254 684 3303 Bell.
718 3253 780 3301 Frid.
796 3198 1223 3319 oronrvrroiserr.1ib.1.cap.n,

122 3313 127 3321 '
185 3316 324 3381 ⁸Gallcap.
339 3330 429 3371 xxtrt.
445 3318 509 3383 Qor
526 3316 685 3372 Attuariob-
717 3331 828 3391 pag.59.
862 3319 960 3385 Divite,

1054 3852 1224 3939 LIBER
