2616 4462
84 223 102 281 i·
205 265 286 356 ‘850
487 249 687 348 Josnrrsi
722 244 999 329 senisenni
1111 242 1122 261 ⁶

208 379 399 451 mentionem
415 392 476 441 non
494 376 633 460 reperio,
655 396 748 461 quani
766 375 800 437 in
817 379 990 442 Annalibus
1005 369 1144 444 vetustis
1168 377 1264 448 Fiam
1299 378 1301 387 '

211 468 269 532 cia
291 465 381 528 editis
398 463 415 525 {a
435 463 556 525 Pithoeo
580 463 708 534 nostro,
738 461 771 522 in
795 464 907 542 quibus
927 463 981 527 sub
1003 483 1130 526 annum
1152 467 1265 533 Christi

211 564 433 615 mcccxxxv
455 548 584 632 legimus
600 571 609 609 i
640 554 801 611 Numanus
829 557 1027 636 Anrwerpiam
1045 555 1208 617 civitatem
1226 579 1266 618 rii·

211 637 343 699 rendunt.
520 683 528 692 .

255 717 439 804 Agendicum.
470 727 511 776 La
529 717 591 777 ville
607 713 732 786 dtSens,
752 733 814 778 non
830 735 934 779 autem
948 720 1092 792 Provisis,
1117 737 1155 782 ut
1170 718 1265 786 stulti.
1299 770 1302 777 .

256 808 424 864 Auarirum.
446 798 543 865 Stulti
559 817 669 882 putant
687 799 744 862 effe
758 801 943 884 oppidulum
962 802 1172 868 Bituricerifis
1184 804 1268 868 dioe-

191 888 315 952 ·eeseos
330 887 454 947 nomine
470 893 603 951 s'ierzin.
627 881 686 948 Sed
702 884 768 948 liaec
786 884 851 967 jain
870 883 1031 950 confutata
1049 889 1137 951 sunt.
1163 889 1208 954 Et
1217 910 1266 953 ne·

214 994 271 1039 mo
286 973 326 1033 est
342 970 452 1039 hodie,
477 970 571 1053 paulo
587 969 769 1043 humanior,
790 969 842 1053 qui
861 971 982 1054 ignoret
998 971 1185 1038 Avaricum
1203 976 1266 1040 Ct-

213 1059 290 1121 saris
313 1054 369 1118 else
387 1055 494 1118 urbem
521 1053 728 1138 Metropolim
753 1052 954 1141 Biturigum,
979 1076 1048 1139 quae
1074 1062 1207 1146 Bnarges
1225 1061 1265 1125 di·

213 1162 304 1206 citur.

259 1226 352 1308 Ausci.
364 1225 451 1289 Auis.
478 1243 511 1288 iit
528 1220 770 1307 supradiximus.
791 1222 1028 1307 Namimpetite
1043 1219 1199 1306 faciunt,
1221 1227 1264 1316 qui

211 1310 387 1376 'Auxitanos
403 1330 527 1374 vocant.

265 1469 395 1547 Eliocaffi.
419 1462 511 1546 Apud
532 1463 684 1529 Cursarem
701 1461 783 1529 male
798 1481 857 1548 pro
870 1457 1053 1538 Baiocaffii,
1077 1463 1137 1551 qui
1155 1469 1194 1534 δε
1211 1465 1262 1534 Ba·

263 1551 400 1613 iocailes.
421 1557 539 1625 Barrus.

260 1638 427 1718 Bigerrines.
451 1635 486 1697 ln
504 1633 631 1699 Notitia
647 1633 898 1718 provinciarum,
921 1629 1262 1720 CivitasBigerronuni

215 1728 346 1784 voratur
361 1719 489 1792 Tarba,
510 1742 543 1784 ut
560 1718 660 1783 hodie.
692 1715 753 1783 Sed
769 1716 850 1779 male
868 1717 1008 1780 excusum
1024 1719 1068 1781 est
1084 1719 1213 1805 Turfii,
1233 1727 1261 1789 dr

216 1798 325 1868 Turba.
349 1806 519 1869 Mailianus
532 1805 662 1877 insanit,
707 1803 735 1865 ui
751 1803 795 1863 ait
815 1800 861 1862 ibi
875 1799 953 1864 lianc
972 1800 1111 1868 Tursam
1133 1805 1214 1883 effe,
1234 1811 1261 1874 di

219 1886 363 1953 Castrum
381 1892 547 1974 Begoriam
566 1933 576 1962 ,
598 1888 650 1951 ubi
666 1823 705 1951 cl
720 1886 927 1971 Episcopatus
942 1885 1122 1953 Bitterensis
1142 1892 1262 1976 provin·

216 1973 274 2038 ciae
294 1975 509 2041 Narbonensis.
533 1995 600 2059 quae
616 1971 765 2035 sententia
781 1970 896 2034 nonest
910 1971 1005 2034 sobrii
1020 1975 1157 2058 capitis.

258 2063 391 2144 Bituriges
412 2060 551 2145 duplices
567 2060 657 2126 sunt.
686 2055 900 2139 cognomentis
921 2055 1065 2121 distindli.
1106 2061 1261 2146 Bituriges

219 2139 321 2215 Cubi,
345 2167 475 2230 quorum
493 2139 853 2223 MetropolisAvaricum
870 2139 978 2226 prima
993 2140 1198 2226 Aquitaniae.
1220 2148 1263 2213 Bi·

97 2259 101 2266 ·
217 2227 331 2314 turiges
351 2230 490 2302 Vibisci,
513 2248 565 2293 aut
581 2224 718 2297 Vivisci,
744 2245 874 2310 quorum
892 2225 1083 2307 Metropolis
1103 2229 1264 2318 Burdega·

218 2310 252 2373 la
269 2356 279 2384 ,
296 2316 431 2408 'secunda
459 2312 639 2401 Aquitania.
683 2308 830 2396 Utraque
846 2309 969 2375 Civitas
991 2311 1095 2378 libera
1123 2317 1187 2383 sub
1204 2319 1265 2383 Ro·

218 2414 328 2460 manis.

259 2483 501 2568 Bratuspantium.
524 2482 647 2548 Civitas
662 2478 916 2549 Bellovacorum,
938 2476 992 2542 sub
1009 2481 1265 2554 Caesaribusllo.

219 2567 318 2631 manis
331 2571 576 2634 transnominata
594 2568 835 2650 Caesaromagus.
855 2570 999 2630 Beauniur.

219 2717 436 2848 Cabillonum.
460 2713 546 2778 Vide
558 2718 589 2781 in
607 2713 773 2781 Tribunali
784 2712 973 2778 Divionensi.

322 2809 451 2868 Caduaci.
473 2799 555 2886 Lege
563 2801 683 2868 Arucci.
704 2798 776 2864 vide
793 2800 883 2885 supra
899 2798 1048 2864 Atuatici.

261 2891 390 2955 Cadurci.
414 2891 531 2956 Eorum
548 2888 658 2954 civitas
676 2886 814 2950 Divona.
834 2891 915 2947 Cauri
929 2910 962 2948 en
977 2882 1115 2971 Qui,

261 2978 376 3038 Castris.
400 2983 435 3038 Le
451 2975 573 3059 bailliagt
587 2974 619 3036 de
635 2979 703 3036 caus
718 2995 752 3035 en
768 2969 952 3036 Numanisie.

259 3060 406 3122 Cantabri.
427 3066 464 3120 Le
477 3071 544 3142 pays
561 3056 606 3119 des
622 3059 745 3144 Baftfuesi

261 3150 410 3226 Caturiges.
435 3138 512 3206 Sunt
531 3141 623 3226 Alpes
639 3141 815 3208 maritimae.
839 3139 1028 3224 Metropolis
1041 3137 1264 3214 Ebrodutiiim}

218 3229 273 3292 'Les
290 3229 370 3313 Alpis
386 3227 557 3289 d'Ambriin.

262 3310 417 3376 Centro'nes.
440 3322 490 3375 Les
507 3313 588 3396 Alpes
603 3311 636 3374 de
652 3309 823 3392 Tureniuifi.
847 3309 949 3373 Graiae
963 3308 1086 3374 Peninoe
1103 3313 1221 3400 Alpes.

263 3399 437 3481 Curiusoliiae.
470 3398 507 3459 In
528 3397 653 3463 Notitia
682 3395 941 3470 Provinciarum,
963 3399 996 3461 δι
1014 3395 1045 3458 in
1067 3395 1162 3465 libro
1184 3402 1264 3472 Fisci

220 3478 359 3548 Romani
376 3481 581 3548 Curiosolitoe.
604 3486 779 3546 Cirnouaisse.
1051 3493 1055 3501 ’

221 3603 426 3731 EBiirnvi'ces.
449 3600 598 3702 I’Epesclis
612 3597 805 3694 cs'Enreiixnen
825 3599 1024 3699 Nori-nauide..
1095 3682 1106 3698 .
1133 3685 1143 3700 ο

313 3692 429 3755 Elauer.
452 3691 550 3751 Alter.
574 3686 686 3770 Ingens
700 3681 826 3754 fluvius,
849 3704 901 3768 qui
919 3686 1025 3783 Ligeri
1037 3698 1215 3782 excipitur.

262 3777 398 3860 Esufiiris.
419 3768 472 3843 lta
486 3767 673 3858 legendm,
695 3787 758 3857 nou
772 3765 907 3861 Fsuffluii.
929 3771 1017 3841 vide
1028 3769 1186 3842 sessiones
1201 3776 1266 3841 Aii-

1216 3863 1267 3947 sp-
