<?xml version="1.0" encoding="UTF-8"?>
<!DOCTYPE html PUBLIC "-//W3C//DTD XHTML 1.0 Transitional//EN"
    "http://www.w3.org/TR/xhtml1/DTD/xhtml1-transitional.dtd">
<html xmlns="http://www.w3.org/1999/xhtml" xml:lang="en" lang="en">
 <head>
  <title>
</title>
<meta http-equiv="Content-Type" content="text/html;charset=utf-8" />
  <meta name='ocr-system' content='tesseract 3.04.00' />
  <meta name='ocr-capabilities' content='ocr_page ocr_carea ocr_par ocr_line ocrx_word'/>
</head>
<body>
  <div class='ocr_page' id='page_1' title='image "./ciuliuscaesarcu00petrgoog/ciuliuscaesarcu00petrgoog_0128.png"; bbox 0 0 2616 4462; ppageno 0'>
   <div class='ocr_carea' id='block_1_1' title="bbox 173 193 1128 364">
    <p class='ocr_par' dir='ltr' id='par_1_1' title="bbox 173 193 1128 364">
     <span class='ocr_line' id='line_1_1' title="bbox 173 193 1128 364; baseline 0.002 -40"><span class='ocrx_word' id='word_1_1' title='bbox 173 298 177 305; x_wconf 89' lang='lat'><em>-</em></span> <span class='ocrx_word' id='word_1_2' title='bbox 276 253 339 324; x_wconf 78' lang='lat' dir='ltr'>&#39;nn</span> <span class='ocrx_word' id='word_1_3' title='bbox 362 243 523 323; x_wconf 79' lang='lat' dir='ltr'>Bnnno</span> <span class='ocrx_word' id='word_1_4' title='bbox 547 244 720 320; x_wconf 79' lang='lat' dir='ltr'>Crvrnr</span> <span class='ocrx_word' id='word_1_5' title='bbox 740 193 843 328; x_wconf 67' lang='lat' dir='ltr'>bin.</span> <span class='ocrx_word' id='word_1_6' title='bbox 863 252 911 326; x_wconf 91' lang='lat' dir='ltr'>ll.</span> <span class='ocrx_word' id='word_1_7' title='bbox 1051 271 1128 364; x_wconf 75' lang='lat'>493</span> 
     </span>
    </p>
   </div>
   <div class='ocr_carea' id='block_1_2' title="bbox 86 369 1176 678">
    <p class='ocr_par' dir='ltr' id='par_1_2' title="bbox 86 369 1176 678">
     <span class='ocr_line' id='line_1_2' title="bbox 88 369 1129 470; baseline 0.009 -19"><span class='ocrx_word' id='word_1_8' title='bbox 88 380 272 458; x_wconf 75' lang='lat' dir='ltr'>&#39;armaturae</span> <span class='ocrx_word' id='word_1_9' title='bbox 284 369 691 465; x_wconf 75' lang='lat' dir='ltr'>,circumveniebantur,</span> <span class='ocrx_word' id='word_1_10' title='bbox 714 387 819 470; x_wconf 82' lang='lat' dir='ltr'>atque</span> <span class='ocrx_word' id='word_1_11' title='bbox 833 371 1129 462; x_wconf 83' lang='lat' dir='ltr'>interficiebantur</span> 
     </span>
     <span class='ocr_line' id='line_1_3' title="bbox 89 468 1127 576; baseline 0.012 -29"><span class='ocrx_word' id='word_1_12' title='bbox 89 471 278 548; x_wconf 86' lang='lat' dir='ltr'>abnostris.</span> <span class='ocrx_word' id='word_1_13' title='bbox 310 471 398 544; x_wconf 88' lang='lat' dir='ltr'>Huc</span> <span class='ocrx_word' id='word_1_14' title='bbox 416 489 488 543; x_wconf 85' lang='lat' dir='ltr'>tota</span> <span class='ocrx_word' id='word_1_15' title='bbox 511 468 594 561; x_wconf 83' lang='lat' dir='ltr'>Vari</span> <span class='ocrx_word' id='word_1_16' title='bbox 609 469 775 544; x_wconf 85' lang='lat' dir='ltr'>conversa</span> <span class='ocrx_word' id='word_1_17' title='bbox 791 470 969 575; x_wconf 16' lang='lat' dir='ltr'>acieslsuos</span> <span class='ocrx_word' id='word_1_18' title='bbox 984 474 1127 576; x_wconf 85' lang='lat' dir='ltr'>fugere,</span> 
     </span>
     <span class='ocr_line' id='line_1_4' title="bbox 86 565 1176 678; baseline 0.004 -31"><span class='ocrx_word' id='word_1_19' title='bbox 86 573 123 647; x_wconf 80' lang='lat' dir='ltr'>dt</span> <span class='ocrx_word' id='word_1_20' title='bbox 145 567 284 645; x_wconf 92' lang='lat' dir='ltr'>concidi</span> <span class='ocrx_word' id='word_1_21' title='bbox 301 567 454 642; x_wconf 86' lang='lat' dir='ltr'>videbat.</span> <span class='ocrx_word' id='word_1_22' title='bbox 490 567 590 640; x_wconf 88' lang='lat' dir='ltr'>Tum</span> <span class='ocrx_word' id='word_1_23' title='bbox 617 565 771 642; x_wconf 88' lang='lat' dir='ltr'>Rebilus</span> <span class='ocrx_word' id='word_1_24' title='bbox 798 566 931 667; x_wconf 86' lang='lat' dir='ltr'>legatus</span> <span class='ocrx_word' id='word_1_25' title='bbox 956 569 1176 678; x_wconf 73' lang='lat' dir='ltr'>Cael&#39;aris,4f</span> 
     </span>
    </p>
   </div>
   <div class='ocr_carea' id='block_1_3' title="bbox 80 664 1297 778">
    <p class='ocr_par' dir='ltr' id='par_1_3' title="bbox 80 664 1297 778">
     <span class='ocr_line' id='line_1_5' title="bbox 80 664 1297 778; baseline -0.007 -35"><span class='ocrx_word' id='word_1_26' title='bbox 80 693 188 768; x_wconf 86' lang='lat' dir='ltr'>quern</span> <span class='ocrx_word' id='word_1_27' title='bbox 207 666 322 740; x_wconf 91' lang='lat' dir='ltr'>Curio</span> <span class='ocrx_word' id='word_1_28' title='bbox 339 664 453 738; x_wconf 88' lang='lat' dir='ltr'>secum</span> <span class='ocrx_word' id='word_1_29' title='bbox 471 686 514 739; x_wconf 88' lang='lat' dir='ltr'>ex</span> <span class='ocrx_word' id='word_1_30' title='bbox 532 665 647 740; x_wconf 85' lang='lat' dir='ltr'>Sicilia</span> <span class='ocrx_word' id='word_1_31' title='bbox 664 664 829 751; x_wconf 83' lang='lat' dir='ltr'>duxerat,</span> <span class='ocrx_word' id='word_1_32' title='bbox 856 665 952 763; x_wconf 90' lang='lat' dir='ltr'>quod</span> <span class='ocrx_word' id='word_1_33' title='bbox 962 692 1128 778; x_wconf 78' lang='lat' dir='ltr'>magnum</span> <span class='ocrx_word' id='word_1_34' title='bbox 1220 721 1222 725; x_wconf 14' lang='grc' dir='ltr'><em>Α</em></span> <span class='ocrx_word' id='word_1_35' title='bbox 1293 720 1297 726; x_wconf 85' lang='grc'><em>.</em></span> 
     </span>
    </p>
   </div>
   <div class='ocr_carea' id='block_1_4' title="bbox 66 761 1265 3083">
    <p class='ocr_par' dir='ltr' id='par_1_4' title="bbox 66 761 1265 3083">
     <span class='ocr_line' id='line_1_6' title="bbox 66 761 1158 866; baseline 0.004 -26"><span class='ocrx_word' id='word_1_36' title='bbox 66 765 209 840; x_wconf 85' lang='lat' dir='ltr'>babere</span> <span class='ocrx_word' id='word_1_37' title='bbox 219 764 319 839; x_wconf 84' lang='lat' dir='ltr'>usum</span> <span class='ocrx_word' id='word_1_38' title='bbox 331 762 367 834; x_wconf 93' lang='lat' dir='ltr'>in</span> <span class='ocrx_word' id='word_1_39' title='bbox 376 787 413 837; x_wconf 91' lang='lat' dir='ltr'>re</span> <span class='ocrx_word' id='word_1_40' title='bbox 429 762 568 835; x_wconf 88' lang='lat' dir='ltr'>militari</span> <span class='ocrx_word' id='word_1_41' title='bbox 576 761 723 852; x_wconf 87' lang='lat' dir='ltr'>sciebat,</span> <span class='ocrx_word' id='word_1_42' title='bbox 747 768 977 856; x_wconf 71' lang='lat' dir='ltr'>perterritum,</span> <span class='ocrx_word' id='word_1_43' title='bbox 994 772 1128 866; x_wconf 79' lang='lat' dir='ltr'>inquit,</span> <span class='ocrx_word' id='word_1_44' title='bbox 1155 804 1158 809; x_wconf 93' lang='lat'>·</span> 
     </span>
     <span class='ocr_line' id='line_1_7' title="bbox 79 857 1127 964; baseline 0.001 -28"><span class='ocrx_word' id='word_1_45' title='bbox 79 864 195 962; x_wconf 76' lang='lat' dir='ltr'>hostem</span> <span class='ocrx_word' id='word_1_46' title='bbox 211 861 303 932; x_wconf 80' lang='lat' dir='ltr'>vides</span> <span class='ocrx_word' id='word_1_47' title='bbox 319 915 332 952; x_wconf 87' lang='lat'><strong>,</strong></span> <span class='ocrx_word' id='word_1_48' title='bbox 356 867 462 939; x_wconf 83' lang='lat' dir='ltr'>Curio.</span> <span class='ocrx_word' id='word_1_49' title='bbox 486 859 581 958; x_wconf 74' lang='lat' dir='ltr'>,Quid</span> <span class='ocrx_word' id='word_1_50' title='bbox 597 857 719 941; x_wconf 73' lang='lat' dir='ltr'>dubitas</span> <span class='ocrx_word' id='word_1_51' title='bbox 739 866 785 928; x_wconf 79' lang='lat' dir='ltr'>uti</span> <span class='ocrx_word' id='word_1_52' title='bbox 797 869 939 961; x_wconf 82' lang='lat' dir='ltr'>temporis</span> <span class='ocrx_word' id='word_1_53' title='bbox 956 875 1127 964; x_wconf 82' lang='lat' dir='ltr'>opportuni-</span> 
     </span>
     <span class='ocr_line' id='line_1_8' title="bbox 78 957 1176 1061; baseline 0.004 -29"><span class='ocrx_word' id='word_1_54' title='bbox 78 958 177 1033; x_wconf 73' lang='lat' dir='ltr'>tate?</span> <span class='ocrx_word' id='word_1_55' title='bbox 198 958 284 1049; x_wconf 88' lang='lat' dir='ltr'>Ille,</span> <span class='ocrx_word' id='word_1_56' title='bbox 307 957 604 1047; x_wconf 87' lang='lat' dir='ltr'>unumeloeutus‚</span> <span class='ocrx_word' id='word_1_57' title='bbox 627 976 667 1029; x_wconf 90' lang='lat' dir='ltr'>ut</span> <span class='ocrx_word' id='word_1_58' title='bbox 683 957 846 1028; x_wconf 88' lang='lat' dir='ltr'>memoria</span> <span class='ocrx_word' id='word_1_59' title='bbox 864 977 1019 1036; x_wconf 88' lang='lat' dir='ltr'>tenerent</span> <span class='ocrx_word' id='word_1_60' title='bbox 1035 963 1126 1037; x_wconf 89' lang='lat' dir='ltr'>mili·</span> <span class='ocrx_word' id='word_1_61' title='bbox 1150 982 1176 1061; x_wconf 87' lang='lat'>5</span> 
     </span>
     <span class='ocr_line' id='line_1_9' title="bbox 80 1053 1127 1157; baseline -0.001 -26"><span class='ocrx_word' id='word_1_62' title='bbox 80 1077 202 1147; x_wconf 84' lang='lat' dir='ltr'>tesca,</span> <span class='ocrx_word' id='word_1_63' title='bbox 229 1079 306 1154; x_wconf 84' lang='lat' dir='ltr'>quae</span> <span class='ocrx_word' id='word_1_64' title='bbox 320 1055 429 1152; x_wconf 85' lang='lat' dir='ltr'>pridie</span> <span class='ocrx_word' id='word_1_65' title='bbox 437 1053 501 1127; x_wconf 86' lang='lat' dir='ltr'>srbi</span> <span class='ocrx_word' id='word_1_66' title='bbox 518 1053 795 1144; x_wconf 80' lang='lat' dir='ltr'>confirmall&#39;ent,</span> <span class='ocrx_word' id='word_1_67' title='bbox 819 1054 913 1152; x_wconf 92' lang='lat' dir='ltr'>sequi</span> <span class='ocrx_word' id='word_1_68' title='bbox 928 1054 994 1130; x_wconf 86' lang='lat' dir='ltr'>sese</span> <span class='ocrx_word' id='word_1_69' title='bbox 1005 1059 1127 1157; x_wconf 69' lang='lat' dir='ltr'>jubet,</span> 
     </span>
     <span class='ocr_line' id='line_1_10' title="bbox 80 1151 1128 1252; baseline 0.004 -24"><span class='ocrx_word' id='word_1_70' title='bbox 80 1154 309 1252; x_wconf 78' lang='lat' dir='ltr'>&amp;praecurrit</span> <span class='ocrx_word' id='word_1_71' title='bbox 326 1172 404 1226; x_wconf 90' lang='lat' dir='ltr'>ante</span> <span class='ocrx_word' id='word_1_72' title='bbox 417 1177 556 1226; x_wconf 89' lang='lat' dir='ltr'>omncs:</span> <span class='ocrx_word' id='word_1_73' title='bbox 582 1151 736 1249; x_wconf 84' lang='lat' dir='ltr'>adeoque</span> <span class='ocrx_word' id='word_1_74' title='bbox 750 1170 821 1224; x_wconf 89' lang='lat' dir='ltr'>erat</span> <span class='ocrx_word' id='word_1_75' title='bbox 836 1153 998 1250; x_wconf 86' lang='lat' dir='ltr'>impedita</span> <span class='ocrx_word' id='word_1_76' title='bbox 1010 1158 1128 1246; x_wconf 79' lang='lat' dir='ltr'>vallis,</span> 
     </span>
     <span class='ocr_line' id='line_1_11' title="bbox 82 1248 1126 1344; baseline 0.005 -20"><span class='ocrx_word' id='word_1_77' title='bbox 82 1271 127 1325; x_wconf 94' lang='lat' dir='ltr'>ut</span> <span class='ocrx_word' id='word_1_78' title='bbox 144 1252 180 1324; x_wconf 92' lang='lat' dir='ltr'>in</span> <span class='ocrx_word' id='word_1_79' title='bbox 196 1248 372 1334; x_wconf 85' lang='lat' dir='ltr'>adscensu,</span> <span class='ocrx_word' id='word_1_80' title='bbox 399 1249 461 1321; x_wconf 86' lang='lat' dir='ltr'>nisr</span> <span class='ocrx_word' id='word_1_81' title='bbox 479 1249 649 1323; x_wconf 85' lang='lat' dir='ltr'>sublevati</span> <span class='ocrx_word' id='word_1_82' title='bbox 668 1249 687 1321; x_wconf 77' lang='lat' dir='ltr'>al</span> <span class='ocrx_word' id='word_1_83' title='bbox 705 1248 797 1333; x_wconf 87' lang='lat' dir='ltr'>suis,</span> <span class='ocrx_word' id='word_1_84' title='bbox 820 1250 922 1344; x_wconf 88' lang='lat' dir='ltr'>primi</span> <span class='ocrx_word' id='word_1_85' title='bbox 939 1276 1010 1325; x_wconf 89' lang='lat' dir='ltr'>non</span> <span class='ocrx_word' id='word_1_86' title='bbox 1027 1253 1126 1329; x_wconf 81' lang='lat' dir='ltr'>facile</span> 
     </span>
     <span class='ocr_line' id='line_1_12' title="bbox 78 1344 1175 1444; baseline 0 -22"><span class='ocrx_word' id='word_1_87' title='bbox 78 1348 305 1424; x_wconf 85' lang='lat' dir='ltr'>eniterentur.</span> <span class='ocrx_word' id='word_1_88' title='bbox 325 1347 392 1422; x_wconf 91' lang='lat' dir='ltr'>Sed</span> <span class='ocrx_word' id='word_1_89' title='bbox 404 1368 667 1444; x_wconf 81' lang='lat' dir='ltr'>praeoccupatus</span> <span class='ocrx_word' id='word_1_90' title='bbox 683 1345 815 1419; x_wconf 88' lang='lat' dir='ltr'>animus</span> <span class='ocrx_word' id='word_1_91' title='bbox 825 1347 1046 1424; x_wconf 87' lang='lat' dir='ltr'>Attianorum</span> <span class='ocrx_word' id='word_1_92' title='bbox 1058 1354 1123 1426; x_wconf 84' lang='lat' dir='ltr'>rni-</span> <span class='ocrx_word' id='word_1_93' title='bbox 1149 1344 1175 1422; x_wconf 89' lang='lat'><strong><em>6</em></strong></span> 
     </span>
     <span class='ocr_line' id='line_1_13' title="bbox 77 1442 1125 1544; baseline 0.005 -25"><span class='ocrx_word' id='word_1_94' title='bbox 77 1445 180 1519; x_wconf 90' lang='lat' dir='ltr'>litum</span> <span class='ocrx_word' id='word_1_95' title='bbox 197 1446 346 1535; x_wconf 89' lang='lat' dir='ltr'>timore,</span> <span class='ocrx_word' id='word_1_96' title='bbox 372 1445 409 1518; x_wconf 65' lang='grc' dir='ltr'>ὃ(</span> <span class='ocrx_word' id='word_1_97' title='bbox 426 1442 536 1544; x_wconf 85' lang='lat' dir='ltr'>fuga,</span> <span class='ocrx_word' id='word_1_98' title='bbox 557 1443 865 1530; x_wconf 84' lang='lat' dir='ltr'>&amp;caedesuoru1n,</span> <span class='ocrx_word' id='word_1_99' title='bbox 889 1445 975 1519; x_wconf 88' lang='lat' dir='ltr'>nihil</span> <span class='ocrx_word' id='word_1_100' title='bbox 986 1448 1028 1521; x_wconf 92' lang='lat' dir='ltr'>de</span> <span class='ocrx_word' id='word_1_101' title='bbox 1046 1450 1125 1524; x_wconf 79' lang='lat' dir='ltr'>refi-</span> 
     </span>
     <span class='ocr_line' id='line_1_14' title="bbox 77 1540 1123 1643; baseline 0.005 -27"><span class='ocrx_word' id='word_1_102' title='bbox 77 1543 198 1618; x_wconf 89' lang='lat' dir='ltr'>stendo</span> <span class='ocrx_word' id='word_1_103' title='bbox 209 1541 408 1643; x_wconf 79' lang='lat' dir='ltr'>cogitabat3</span> <span class='ocrx_word' id='word_1_104' title='bbox 423 1543 685 1641; x_wconf 86' lang='lat' dir='ltr'>omnesquejam</span> <span class='ocrx_word' id='word_1_105' title='bbox 702 1541 733 1614; x_wconf 89' lang='lat' dir='ltr'>se</span> <span class='ocrx_word' id='word_1_106' title='bbox 743 1540 785 1613; x_wconf 86' lang='lat' dir='ltr'>ab</span> <span class='ocrx_word' id='word_1_107' title='bbox 800 1541 957 1639; x_wconf 89' lang='lat' dir='ltr'>equitatu</span> <span class='ocrx_word' id='word_1_108' title='bbox 973 1546 1123 1620; x_wconf 89' lang='lat' dir='ltr'>circum·</span> 
     </span>
     <span class='ocr_line' id='line_1_15' title="bbox 78 1639 1171 1741; baseline 0.005 -27"><span class='ocrx_word' id='word_1_109' title='bbox 78 1641 190 1715; x_wconf 88' lang='lat' dir='ltr'>veniri</span> <span class='ocrx_word' id='word_1_110' title='bbox 205 1639 472 1714; x_wconf 79' lang='lat' dir='ltr'>arbitrabantur.</span> <span class='ocrx_word' id='word_1_111' title='bbox 499 1640 615 1738; x_wconf 82' lang='lat' dir='ltr'>itaque</span> <span class='ocrx_word' id='word_1_112' title='bbox 629 1639 751 1736; x_wconf 91' lang='lat' dir='ltr'>prius,</span> <span class='ocrx_word' id='word_1_113' title='bbox 775 1663 878 1737; x_wconf 85' lang='lat' dir='ltr'>quam</span> <span class='ocrx_word' id='word_1_114' title='bbox 894 1641 1002 1714; x_wconf 88' lang='lat' dir='ltr'>telum</span> <span class='ocrx_word' id='word_1_115' title='bbox 1020 1646 1119 1741; x_wconf 88' lang='lat' dir='ltr'>adjici</span> <span class='ocrx_word' id='word_1_116' title='bbox 1147 1660 1171 1737; x_wconf 71' lang='lat'>7,</span> 
     </span>
     <span class='ocr_line' id='line_1_16' title="bbox 76 1735 1120 1836; baseline 0.006 -26"><span class='ocrx_word' id='word_1_117' title='bbox 76 1738 191 1836; x_wconf 84' lang='lat' dir='ltr'>posset</span> <span class='ocrx_word' id='word_1_118' title='bbox 210 1793 221 1828; x_wconf 90' lang='lat'>,</span> <span class='ocrx_word' id='word_1_119' title='bbox 244 1757 304 1813; x_wconf 85' lang='lat' dir='ltr'>aut</span> <span class='ocrx_word' id='word_1_120' title='bbox 320 1735 428 1811; x_wconf 89' lang='lat' dir='ltr'>nostri</span> <span class='ocrx_word' id='word_1_121' title='bbox 445 1737 586 1834; x_wconf 89' lang='lat' dir='ltr'>propius</span> <span class='ocrx_word' id='word_1_122' title='bbox 607 1737 832 1821; x_wconf 85' lang='lat' dir='ltr'>accederent,</span> <span class='ocrx_word' id='word_1_123' title='bbox 857 1738 970 1835; x_wconf 78' lang='lat' dir='ltr'>onmis</span> <span class='ocrx_word' id='word_1_124' title='bbox 985 1741 1070 1816; x_wconf 89' lang='lat' dir='ltr'>Vari</span> <span class='ocrx_word' id='word_1_125' title='bbox 1084 1768 1120 1816; x_wconf 90' lang='lat' dir='ltr'>a·</span> 
     </span>
     <span class='ocr_line' id='line_1_17' title="bbox 79 1832 1153 1934; baseline 0 -28"><span class='ocrx_word' id='word_1_126' title='bbox 79 1835 150 1907; x_wconf 91' lang='lat' dir='ltr'>cies</span> <span class='ocrx_word' id='word_1_127' title='bbox 167 1835 399 1934; x_wconf 76' lang='lat' dir='ltr'>tergeretur,</span> <span class='ocrx_word' id='word_1_128' title='bbox 422 1832 525 1931; x_wconf 89' lang='lat' dir='ltr'>seque</span> <span class='ocrx_word' id='word_1_129' title='bbox 536 1834 572 1906; x_wconf 91' lang='lat' dir='ltr'>in</span> <span class='ocrx_word' id='word_1_130' title='bbox 589 1833 692 1906; x_wconf 86' lang='lat' dir='ltr'>castra</span> <span class='ocrx_word' id='word_1_131' title='bbox 706 1834 845 1930; x_wconf 89' lang='lat' dir='ltr'>recepit.</span> <span class='ocrx_word' id='word_1_132' title='bbox 1144 1902 1153 1913; x_wconf 83' lang='lat'>.,</span> 
     </span>
     <span class='ocr_line' id='line_1_18' title="bbox 128 1930 1165 2032; baseline -0.004 -26"><span class='ocrx_word' id='word_1_133' title='bbox 128 1931 300 2008; x_wconf 89' lang='lat' dir='ltr'><strong>XXXV.</strong></span> <span class='ocrx_word' id='word_1_134' title='bbox 323 1931 402 2026; x_wconf 84' lang='lat' dir='ltr'>Qua</span> <span class='ocrx_word' id='word_1_135' title='bbox 416 1930 451 2003; x_wconf 91' lang='lat' dir='ltr'>in</span> <span class='ocrx_word' id='word_1_136' title='bbox 467 1931 550 2030; x_wconf 86' lang='lat' dir='ltr'>fuga</span> <span class='ocrx_word' id='word_1_137' title='bbox 568 1931 694 2004; x_wconf 85' lang='lat' dir='ltr'>Fabius</span> <span class='ocrx_word' id='word_1_138' title='bbox 711 1930 877 2029; x_wconf 83' lang='lat' dir='ltr'>Pelignus</span> <span class='ocrx_word' id='word_1_139' title='bbox 892 1932 1051 2032; x_wconf 86' lang='lat' dir='ltr'>quidam,</span> <span class='ocrx_word' id='word_1_140' title='bbox 1074 1960 1118 2010; x_wconf 85' lang='lat' dir='ltr'>ex</span> <span class='ocrx_word' id='word_1_141' title='bbox 1144 1955 1165 2021; x_wconf 75' lang='grc' dir='ltr'>ιΙ</span> 
     </span>
     <span class='ocr_line' id='line_1_19' title="bbox 75 2026 1117 2127; baseline 0.004 -27"><span class='ocrx_word' id='word_1_142' title='bbox 75 2026 210 2104; x_wconf 87' lang='lat' dir='ltr'>infimis</span> <span class='ocrx_word' id='word_1_143' title='bbox 223 2027 425 2113; x_wconf 90' lang='lat' dir='ltr'>ordinibus,</span> <span class='ocrx_word' id='word_1_144' title='bbox 451 2028 493 2101; x_wconf 90' lang='lat' dir='ltr'>de</span> <span class='ocrx_word' id='word_1_145' title='bbox 516 2028 668 2115; x_wconf 81' lang='lat' dir='ltr'>exercitu</span> <span class='ocrx_word' id='word_1_146' title='bbox 695 2027 887 2114; x_wconf 91' lang='lat' dir='ltr'>Curionis,</span> <span class='ocrx_word' id='word_1_147' title='bbox 912 2032 1063 2127; x_wconf 89' lang='lat' dir='ltr'>primum</span> <span class='ocrx_word' id='word_1_148' title='bbox 1081 2056 1117 2104; x_wconf 89' lang='lat' dir='ltr'>a·</span> 
     </span>
     <span class='ocr_line' id='line_1_20' title="bbox 76 2125 1117 2227; baseline 0.003 -28"><span class='ocrx_word' id='word_1_149' title='bbox 76 2148 183 2226; x_wconf 84' lang='lat' dir='ltr'>gmen</span> <span class='ocrx_word' id='word_1_150' title='bbox 198 2125 411 2227; x_wconf 87' lang='lat' dir='ltr'>fugientium</span> <span class='ocrx_word' id='word_1_151' title='bbox 423 2125 648 2215; x_wconf 87' lang='lat' dir='ltr'>consecutus,</span> <span class='ocrx_word' id='word_1_152' title='bbox 664 2149 787 2224; x_wconf 84' lang='lat' dir='ltr'>magna</span> <span class='ocrx_word' id='word_1_153' title='bbox 805 2152 891 2199; x_wconf 93' lang='lat' dir='ltr'>voce</span> <span class='ocrx_word' id='word_1_154' title='bbox 900 2129 1033 2201; x_wconf 88' lang='lat' dir='ltr'>Varum</span> <span class='ocrx_word' id='word_1_155' title='bbox 1051 2153 1117 2202; x_wconf 89' lang='lat' dir='ltr'>no-</span> 
     </span>
     <span class='ocr_line' id='line_1_21' title="bbox 74 2222 1117 2323; baseline 0.002 -26"><span class='ocrx_word' id='word_1_156' title='bbox 74 2224 168 2299; x_wconf 88' lang='lat' dir='ltr'>mine</span> <span class='ocrx_word' id='word_1_157' title='bbox 176 2223 351 2323; x_wconf 88' lang='lat' dir='ltr'>appellans</span> <span class='ocrx_word' id='word_1_158' title='bbox 364 2222 581 2322; x_wconf 84' lang='lat' dir='ltr'>requirebat3</span> <span class='ocrx_word' id='word_1_159' title='bbox 606 2223 659 2296; x_wconf 78' lang='lat' dir='ltr'>uti</span> <span class='ocrx_word' id='word_1_160' title='bbox 675 2247 765 2296; x_wconf 88' lang='lat' dir='ltr'>unus</span> <span class='ocrx_word' id='word_1_161' title='bbox 776 2223 897 2296; x_wconf 71' lang='lat' dir='ltr'>ell&#39;e&#39;ex</span> <span class='ocrx_word' id='word_1_162' title='bbox 913 2226 986 2322; x_wconf 87' lang='lat' dir='ltr'>ejus</span> <span class='ocrx_word' id='word_1_163' title='bbox 998 2226 1117 2299; x_wconf 90' lang='lat' dir='ltr'>militi-</span> 
     </span>
     <span class='ocr_line' id='line_1_22' title="bbox 74 2319 1164 2419; baseline 0.004 -24"><span class='ocrx_word' id='word_1_164' title='bbox 74 2319 161 2412; x_wconf 89' lang='lat' dir='ltr'>bus,</span> <span class='ocrx_word' id='word_1_165' title='bbox 183 2323 221 2397; x_wconf 89' lang='lat'>&amp;</span> <span class='ocrx_word' id='word_1_166' title='bbox 236 2346 378 2397; x_wconf 88' lang='lat' dir='ltr'>monere</span> <span class='ocrx_word' id='word_1_167' title='bbox 392 2320 523 2419; x_wconf 88' lang='lat' dir='ltr'>aliquid</span> <span class='ocrx_word' id='word_1_168' title='bbox 534 2321 644 2411; x_wconf 89' lang='lat' dir='ltr'>velle,</span> <span class='ocrx_word' id='word_1_169' title='bbox 668 2345 706 2393; x_wconf 90' lang='lat' dir='ltr'>ac</span> <span class='ocrx_word' id='word_1_170' title='bbox 724 2320 837 2404; x_wconf 87' lang='lat' dir='ltr'>dicere</span> <span class='ocrx_word' id='word_1_171' title='bbox 853 2321 1040 2399; x_wconf 86' lang='lat' dir='ltr'>videretur.</span> <span class='ocrx_word' id='word_1_172' title='bbox 1063 2325 1116 2399; x_wconf 90' lang='lat' dir='ltr'>U·</span> <span class='ocrx_word' id='word_1_173' title='bbox 1138 2347 1164 2403; x_wconf 77' lang='lat'>2</span> 
     </span>
     <span class='ocr_line' id='line_1_23' title="bbox 73 2416 1228 2520; baseline 0.007 -30"><span class='ocrx_word' id='word_1_174' title='bbox 73 2416 116 2490; x_wconf 92' lang='lat' dir='ltr'>bi</span> <span class='ocrx_word' id='word_1_175' title='bbox 131 2418 189 2493; x_wconf 89' lang='lat' dir='ltr'>ille</span> <span class='ocrx_word' id='word_1_176' title='bbox 203 2419 324 2520; x_wconf 73' lang='lat' dir='ltr'>saepius</span> <span class='ocrx_word' id='word_1_177' title='bbox 340 2419 530 2518; x_wconf 86' lang='lat' dir='ltr'>appellatus</span> <span class='ocrx_word' id='word_1_178' title='bbox 547 2417 700 2512; x_wconf 86' lang='lat' dir='ltr'>adspexit</span> <span class='ocrx_word' id='word_1_179' title='bbox 717 2475 729 2509; x_wconf 85' lang='lat'>,</span> <span class='ocrx_word' id='word_1_180' title='bbox 754 2443 792 2490; x_wconf 89' lang='lat' dir='ltr'>ae</span> <span class='ocrx_word' id='word_1_181' title='bbox 809 2417 930 2492; x_wconf 90' lang='lat' dir='ltr'>restitit</span> <span class='ocrx_word' id='word_1_182' title='bbox 950 2478 961 2512; x_wconf 92' lang='lat'>,</span> <span class='ocrx_word' id='word_1_183' title='bbox 984 2422 1021 2496; x_wconf 82' lang='lat' dir='ltr'>dt</span> <span class='ocrx_word' id='word_1_184' title='bbox 1038 2422 1116 2520; x_wconf 88' lang='lat' dir='ltr'>quis</span> <span class='ocrx_word' id='word_1_185' title='bbox 1160 2416 1164 2423; x_wconf 51' lang='lat'><strong><em>⁴</em></strong></span> <span class='ocrx_word' id='word_1_186' title='bbox 1206 2509 1209 2514; x_wconf 14' lang='grc' dir='ltr'>λ</span> <span class='ocrx_word' id='word_1_187' title='bbox 1226 2446 1228 2450; x_wconf 90' lang='grc'><em>·</em></span> 
     </span>
     <span class='ocr_line' id='line_1_24' title="bbox 73 2514 1115 2617; baseline 0.004 -28"><span class='ocrx_word' id='word_1_188' title='bbox 73 2514 181 2607; x_wconf 82' lang='lat' dir='ltr'>effer,</span> <span class='ocrx_word' id='word_1_189' title='bbox 204 2540 261 2592; x_wconf 86' lang='lat' dir='ltr'>aut</span> <span class='ocrx_word' id='word_1_190' title='bbox 276 2518 364 2617; x_wconf 90' lang='lat' dir='ltr'>quid</span> <span class='ocrx_word' id='word_1_191' title='bbox 373 2516 500 2606; x_wconf 86' lang='lat' dir='ltr'>vellet,</span> <span class='ocrx_word' id='word_1_192' title='bbox 516 2514 696 2615; x_wconf 79' lang='lat' dir='ltr'>quaefivit3</span> <span class='ocrx_word' id='word_1_193' title='bbox 723 2533 734 2568; x_wconf 86' lang='lat'>¹</span> <span class='ocrx_word' id='word_1_194' title='bbox 755 2516 939 2590; x_wconf 88' lang='lat' dir='ltr'>humerum</span> <span class='ocrx_word' id='word_1_195' title='bbox 957 2539 1115 2616; x_wconf 87' lang='lat' dir='ltr'>apertum</span> 
     </span>
     <span class='ocr_line' id='line_1_25' title="bbox 68 2611 1143 2721; baseline 0.008 -39"><span class='ocrx_word' id='word_1_196' title='bbox 68 2611 198 2712; x_wconf 85' lang='lat' dir='ltr'>gladio</span> <span class='ocrx_word' id='word_1_197' title='bbox 213 2616 338 2712; x_wconf 85' lang='lat' dir='ltr'>appetit</span> <span class='ocrx_word' id='word_1_198' title='bbox 360 2641 371 2703; x_wconf 84' lang='lat'>3</span> <span class='ocrx_word' id='word_1_199' title='bbox 396 2614 623 2712; x_wconf 89' lang='lat' dir='ltr'>paullumque</span> <span class='ocrx_word' id='word_1_200' title='bbox 642 2613 752 2688; x_wconf 83' lang='lat' dir='ltr'>abfuit</span> <span class='ocrx_word' id='word_1_201' title='bbox 771 2672 781 2705; x_wconf 91' lang='lat'><strong><em>,</em></strong></span> <span class='ocrx_word' id='word_1_202' title='bbox 802 2614 892 2721; x_wconf 79' lang='lat' dir='ltr'>quin</span> <span class='ocrx_word' id='word_1_203' title='bbox 911 2615 1045 2690; x_wconf 89' lang='lat' dir='ltr'>Varum</span> <span class='ocrx_word' id='word_1_204' title='bbox 1060 2617 1115 2690; x_wconf 90' lang='lat' dir='ltr'>in·</span> <span class='ocrx_word' id='word_1_205' title='bbox 1140 2619 1143 2623; x_wconf 76' lang='grc'>’</span> 
     </span>
     <span class='ocr_line' id='line_1_26' title="bbox 68 2707 1205 2812; baseline 0.001 -28"><span class='ocrx_word' id='word_1_206' title='bbox 68 2707 262 2810; x_wconf 78' lang='lat' dir='ltr'>terficeret.</span> <span class='ocrx_word' id='word_1_207' title='bbox 285 2715 377 2812; x_wconf 91' lang='lat' dir='ltr'>quod</span> <span class='ocrx_word' id='word_1_208' title='bbox 396 2712 453 2784; x_wconf 92' lang='lat' dir='ltr'>ille</span> <span class='ocrx_word' id='word_1_209' title='bbox 470 2712 685 2810; x_wconf 88' lang='lat' dir='ltr'>periculum,</span> <span class='ocrx_word' id='word_1_210' title='bbox 712 2710 845 2787; x_wconf 88' lang='lat' dir='ltr'>sublato</span> <span class='ocrx_word' id='word_1_211' title='bbox 863 2714 903 2786; x_wconf 91' lang='lat' dir='ltr'>ad</span> <span class='ocrx_word' id='word_1_212' title='bbox 921 2715 994 2811; x_wconf 90' lang='lat' dir='ltr'>ejus</span> <span class='ocrx_word' id='word_1_213' title='bbox 1011 2738 1114 2787; x_wconf 89' lang='lat' dir='ltr'>cona·</span> <span class='ocrx_word' id='word_1_214' title='bbox 1198 2719 1205 2724; x_wconf 76' lang='grc'><strong>“</strong></span> 
     </span>
     <span class='ocr_line' id='line_1_27' title="bbox 69 2807 1157 2913; baseline 0.001 -33"><span class='ocrx_word' id='word_1_215' title='bbox 69 2825 146 2881; x_wconf 87' lang='lat' dir='ltr'>tum</span> <span class='ocrx_word' id='word_1_216' title='bbox 169 2807 302 2890; x_wconf 80' lang='lat' dir='ltr'>scuto,</span> <span class='ocrx_word' id='word_1_217' title='bbox 326 2810 459 2885; x_wconf 85' lang='lat' dir='ltr'>vitavit.</span> <span class='ocrx_word' id='word_1_218' title='bbox 494 2809 621 2883; x_wconf 88' lang='lat' dir='ltr'>Fabius</span> <span class='ocrx_word' id='word_1_219' title='bbox 641 2808 842 2908; x_wconf 73' lang='lat' dir='ltr'>aproximis</span> <span class='ocrx_word' id='word_1_220' title='bbox 861 2811 1029 2884; x_wconf 90' lang='lat' dir='ltr'>militibus</span> <span class='ocrx_word' id='word_1_221' title='bbox 1045 2810 1110 2882; x_wconf 87' lang='lat' dir='ltr'>cir·</span> <span class='ocrx_word' id='word_1_222' title='bbox 1135 2827 1157 2913; x_wconf 79' lang='lat'><em>3</em></span> 
     </span>
     <span class='ocr_line' id='line_1_28' title="bbox 69 2906 1265 3008; baseline 0.004 -30"><span class='ocrx_word' id='word_1_223' title='bbox 69 2906 508 3003; x_wconf 84' lang='lat' dir='ltr'>cumventusinterfieitur.</span> <span class='ocrx_word' id='word_1_224' title='bbox 533 2927 548 2958; x_wconf 89' lang='lat'>2</span> <span class='ocrx_word' id='word_1_225' title='bbox 567 2907 648 2980; x_wconf 89' lang='lat' dir='ltr'>Hac</span> <span class='ocrx_word' id='word_1_226' title='bbox 657 2906 869 3008; x_wconf 81' lang='lat' dir='ltr'>fugientium</span> <span class='ocrx_word' id='word_1_227' title='bbox 887 2907 1114 2984; x_wconf 89' lang='lat' dir='ltr'>multitudine</span> <span class='ocrx_word' id='word_1_228' title='bbox 1259 2914 1265 2919; x_wconf 83' lang='lat'>&#39;</span> 
     </span>
     <span class='ocr_line' id='line_1_29' title="bbox 568 3030 1113 3083; baseline 0.006 -3"><span class='ocrx_word' id='word_1_229' title='bbox 568 3037 571 3041; x_wconf 94' lang='lat'><em>·</em></span> <span class='ocrx_word' id='word_1_230' title='bbox 1072 3030 1113 3083; x_wconf 85' lang='lat' dir='ltr'>ac</span> 
     </span>
    </p>
   </div>
   <div class='ocr_carea' id='block_1_5' title="bbox 54 3150 1133 3945">
    <p class='ocr_par' dir='ltr' id='par_1_5' title="bbox 54 3150 1133 3945">
     <span class='ocr_line' id='line_1_30' title="bbox 70 3150 1112 3219; baseline 0.012 -19"><span class='ocrx_word' id='word_1_231' title='bbox 70 3150 96 3200; x_wconf 83' lang='lat' dir='ltr'>in</span> <span class='ocrx_word' id='word_1_232' title='bbox 109 3151 211 3216; x_wconf 81' lang='lat' dir='ltr'>hujusce</span> <span class='ocrx_word' id='word_1_233' title='bbox 226 3155 316 3207; x_wconf 71' lang='lat' dir='ltr'>forma</span> <span class='ocrx_word' id='word_1_234' title='bbox 324 3153 455 3219; x_wconf 70' lang='lat' dir='ltr'>adjellivis</span> <span class='ocrx_word' id='word_1_235' title='bbox 464 3168 522 3206; x_wconf 87' lang='lat' dir='ltr'>eum</span> <span class='ocrx_word' id='word_1_236' title='bbox 531 3170 571 3206; x_wconf 87' lang='lat' dir='ltr'>ca·</span> <span class='ocrx_word' id='word_1_237' title='bbox 605 3155 667 3213; x_wconf 80' lang='lat' dir='ltr'>metfi</span> <span class='ocrx_word' id='word_1_238' title='bbox 679 3158 762 3207; x_wconf 77' lang='lat' dir='ltr'>dextris</span> <span class='ocrx_word' id='word_1_239' title='bbox 773 3159 866 3205; x_wconf 74' lang='lat' dir='ltr'>humeris</span> <span class='ocrx_word' id='word_1_240' title='bbox 883 3159 1112 3215; x_wconf 58' lang='lat' dir='ltr'>excusatarum</span> 
     </span>
     <span class='ocr_line' id='line_1_31' title="bbox 70 3214 1111 3293; baseline 0.015 -29"><span class='ocrx_word' id='word_1_241' title='bbox 70 3214 122 3268; x_wconf 82' lang='lat' dir='ltr'>sum</span> <span class='ocrx_word' id='word_1_242' title='bbox 129 3221 270 3286; x_wconf 78' lang='lat' dir='ltr'>aliquando</span> <span class='ocrx_word' id='word_1_243' title='bbox 286 3218 482 3273; x_wconf 74' lang='lat' dir='ltr'>determinasse.</span> <span class='ocrx_word' id='word_1_244' title='bbox 500 3229 569 3270; x_wconf 80' lang='lat' dir='ltr'>Leves</span> <span class='ocrx_word' id='word_1_245' title='bbox 605 3224 711 3274; x_wconf 79' lang='lat' dir='ltr'>rebantur.</span> <span class='ocrx_word' id='word_1_246' title='bbox 730 3227 820 3287; x_wconf 84' lang='lat' dir='ltr'>Neque</span> <span class='ocrx_word' id='word_1_247' title='bbox 829 3236 891 3288; x_wconf 88' lang='lat' dir='ltr'>puto</span> <span class='ocrx_word' id='word_1_248' title='bbox 908 3229 1111 3293; x_wconf 88' lang='lat' dir='ltr'>quicquamhuic</span> 
     </span>
     <span class='ocr_line' id='line_1_32' title="bbox 70 3287 1110 3346; baseline 0.015 -16"><span class='ocrx_word' id='word_1_249' title='bbox 70 3299 191 3336; x_wconf 74' lang='lat' dir='ltr'>armerum</span> <span class='ocrx_word' id='word_1_250' title='bbox 209 3287 326 3338; x_wconf 85' lang='lat' dir='ltr'>dixerunt</span> <span class='ocrx_word' id='word_1_251' title='bbox 351 3292 438 3336; x_wconf 82' lang='lat' dir='ltr'>Hirtius</span> <span class='ocrx_word' id='word_1_252' title='bbox 461 3294 488 3339; x_wconf 90' lang='lat' dir='ltr'>B.</span> <span class='ocrx_word' id='word_1_253' title='bbox 513 3289 568 3339; x_wconf 83' lang='lat' dir='ltr'>Afr.</span> <span class='ocrx_word' id='word_1_254' title='bbox 604 3288 664 3337; x_wconf 88' lang='lat' dir='ltr'>loeo</span> <span class='ocrx_word' id='word_1_255' title='bbox 679 3304 812 3340; x_wconf 87' lang='lat' dir='ltr'>commune</span> <span class='ocrx_word' id='word_1_256' title='bbox 828 3305 884 3340; x_wconf 92' lang='lat' dir='ltr'>cum</span> <span class='ocrx_word' id='word_1_257' title='bbox 901 3292 948 3344; x_wconf 90' lang='lat' dir='ltr'>illo</span> <span class='ocrx_word' id='word_1_258' title='bbox 966 3292 1054 3345; x_wconf 82' lang='lat' dir='ltr'>fuille:</span> <span class='ocrx_word' id='word_1_259' title='bbox 1072 3311 1110 3346; x_wconf 85' lang='lat' dir='ltr'>er-</span> 
     </span>
     <span class='ocr_line' id='line_1_33' title="bbox 69 3351 1111 3421; baseline 0.014 -25"><span class='ocrx_word' id='word_1_260' title='bbox 69 3362 127 3414; x_wconf 78' lang='lat' dir='ltr'>cap.</span> <span class='ocrx_word' id='word_1_261' title='bbox 137 3367 188 3403; x_wconf 81' lang='lat' dir='ltr'>ux.</span> <span class='ocrx_word' id='word_1_262' title='bbox 207 3356 234 3404; x_wconf 76' lang='lat' dir='ltr'>dt</span> <span class='ocrx_word' id='word_1_263' title='bbox 245 3358 326 3404; x_wconf 75' lang='lat' dir='ltr'>Livius</span> <span class='ocrx_word' id='word_1_264' title='bbox 334 3351 381 3404; x_wconf 85' lang='lat' dir='ltr'>lib.</span> <span class='ocrx_word' id='word_1_265' title='bbox 393 3370 453 3406; x_wconf 82' lang='lat' dir='ltr'>rxr.</span> <span class='ocrx_word' id='word_1_266' title='bbox 464 3370 518 3421; x_wconf 82' lang='lat' dir='ltr'>cap.</span> <span class='ocrx_word' id='word_1_267' title='bbox 530 3373 566 3405; x_wconf 80' lang='lat' dir='ltr'>tv.</span> <span class='ocrx_word' id='word_1_268' title='bbox 604 3352 660 3402; x_wconf 88' lang='lat' dir='ltr'>srid</span> <span class='ocrx_word' id='word_1_269' title='bbox 671 3391 678 3413; x_wconf 90' lang='lat'>‚</span> <span class='ocrx_word' id='word_1_270' title='bbox 696 3357 722 3405; x_wconf 87' lang='lat' dir='ltr'>ni</span> <span class='ocrx_word' id='word_1_271' title='bbox 731 3355 819 3413; x_wconf 84' lang='lat' dir='ltr'>fallor,</span> <span class='ocrx_word' id='word_1_272' title='bbox 830 3357 989 3412; x_wconf 79' lang='lat' dir='ltr'>existimabat</span> <span class='ocrx_word' id='word_1_273' title='bbox 999 3361 1111 3412; x_wconf 75' lang='lat' dir='ltr'>doetiffi·</span> 
     </span>
     <span class='ocr_line' id='line_1_34' title="bbox 69 3418 1059 3488; baseline 0.017 -27"><span class='ocrx_word' id='word_1_274' title='bbox 69 3418 166 3463; x_wconf 59' lang='lat' dir='ltr'>nevies.</span> <span class='ocrx_word' id='word_1_275' title='bbox 604 3423 747 3488; x_wconf 85' lang='lat' dir='ltr'>musJanus</span> <span class='ocrx_word' id='word_1_276' title='bbox 764 3427 889 3475; x_wconf 87' lang='lat' dir='ltr'>Gruterus.</span> <span class='ocrx_word' id='word_1_277' title='bbox 924 3437 959 3480; x_wconf 82' lang='lat'>1).</span> <span class='ocrx_word' id='word_1_278' title='bbox 973 3428 1059 3488; x_wconf 80' lang='lat' dir='ltr'>Voffius.</span> 
     </span>
     <span class='ocr_line' id='line_1_35' title="bbox 104 3487 1112 3552; baseline 0.001 -20"><span class='ocrx_word' id='word_1_279' title='bbox 104 3496 128 3529; x_wconf 84' lang='lat'>1·</span> <span class='ocrx_word' id='word_1_280' title='bbox 145 3487 260 3535; x_wconf 76' lang='lat' dir='ltr'>Humerum</span> <span class='ocrx_word' id='word_1_281' title='bbox 275 3498 374 3551; x_wconf 83' lang='lat' dir='ltr'>apertum</span> <span class='ocrx_word' id='word_1_282' title='bbox 385 3488 462 3548; x_wconf 73' lang='lat' dir='ltr'>gladio</span> <span class='ocrx_word' id='word_1_283' title='bbox 475 3491 568 3552; x_wconf 78' lang='lat' dir='ltr'>appetit]</span> <span class='ocrx_word' id='word_1_284' title='bbox 638 3504 662 3537; x_wconf 91' lang='lat'>2.</span> <span class='ocrx_word' id='word_1_285' title='bbox 682 3494 722 3536; x_wconf 61' lang='lat' dir='ltr'>Ac</span> <span class='ocrx_word' id='word_1_286' title='bbox 736 3489 867 3552; x_wconf 75' lang='lat' dir='ltr'>fugientium</span> <span class='ocrx_word' id='word_1_287' title='bbox 883 3494 1112 3543; x_wconf 67' lang='lat' dir='ltr'>muttrudimacrm</span> 
     </span>
     <span class='ocr_line' id='line_1_36' title="bbox 62 3544 1133 3623; baseline 0.007 -24"><span class='ocrx_word' id='word_1_288' title='bbox 62 3550 125 3597; x_wconf 78' lang='lat' dir='ltr'>Hoc</span> <span class='ocrx_word' id='word_1_289' title='bbox 141 3544 177 3595; x_wconf 83' lang='lat' dir='ltr'>est</span> <span class='ocrx_word' id='word_1_290' title='bbox 190 3548 320 3610; x_wconf 83' lang='lat' dir='ltr'>dextrum,</span> <span class='ocrx_word' id='word_1_291' title='bbox 336 3554 381 3618; x_wconf 90' lang='lat' dir='ltr'>qui</span> <span class='ocrx_word' id='word_1_292' title='bbox 389 3551 459 3602; x_wconf 91' lang='lat' dir='ltr'>scuto</span> <span class='ocrx_word' id='word_1_293' title='bbox 469 3570 522 3603; x_wconf 88' lang='lat' dir='ltr'>non</span> <span class='ocrx_word' id='word_1_294' title='bbox 531 3567 571 3604; x_wconf 86' lang='lat' dir='ltr'>te·</span> <span class='ocrx_word' id='word_1_295' title='bbox 605 3554 658 3612; x_wconf 76' lang='lat' dir='ltr'>ba]</span> <span class='ocrx_word' id='word_1_296' title='bbox 675 3559 747 3622; x_wconf 83' lang='lat' dir='ltr'>Lego</span> <span class='ocrx_word' id='word_1_297' title='bbox 764 3570 794 3604; x_wconf 83' lang='lat' dir='ltr'>ex</span> <span class='ocrx_word' id='word_1_298' title='bbox 811 3558 951 3617; x_wconf 86' lang='lat' dir='ltr'>Cujaeiano</span> <span class='ocrx_word' id='word_1_299' title='bbox 969 3565 1008 3609; x_wconf 74' lang='lat' dir='ltr'>hac</span> <span class='ocrx_word' id='word_1_300' title='bbox 1020 3561 1110 3623; x_wconf 77' lang='lat' dir='ltr'>fngien-</span> <span class='ocrx_word' id='word_1_301' title='bbox 1129 3565 1133 3577; x_wconf 92' lang='grc'><strong>“</strong></span> 
     </span>
     <span class='ocr_line' id='line_1_37' title="bbox 61 3611 907 3685; baseline 0.017 -21"><span class='ocrx_word' id='word_1_302' title='bbox 61 3611 182 3680; x_wconf 80' lang='lat' dir='ltr'>gebatur.</span> <span class='ocrx_word' id='word_1_303' title='bbox 199 3619 269 3668; x_wconf 78' lang='lat' dir='ltr'>Malo</span> <span class='ocrx_word' id='word_1_304' title='bbox 284 3620 355 3669; x_wconf 86' lang='lat' dir='ltr'>enim</span> <span class='ocrx_word' id='word_1_305' title='bbox 371 3620 408 3668; x_wconf 87' lang='lat' dir='ltr'>ita</span> <span class='ocrx_word' id='word_1_306' title='bbox 424 3635 569 3685; x_wconf 86' lang='lat' dir='ltr'>exponere,</span> <span class='ocrx_word' id='word_1_307' title='bbox 607 3623 662 3666; x_wconf 81' lang='lat' dir='ltr'>rium</span> <span class='ocrx_word' id='word_1_308' title='bbox 675 3627 801 3672; x_wconf 71' lang='lat' dir='ltr'>multa-t·</span> <span class='ocrx_word' id='word_1_309' title='bbox 839 3625 907 3678; x_wconf 77' lang='lat' dir='ltr'>Idem.</span> 
     </span>
     <span class='ocr_line' id='line_1_38' title="bbox 54 3680 1112 3755; baseline 0.009 -25"><span class='ocrx_word' id='word_1_310' title='bbox 54 3714 57 3720; x_wconf 87' lang='lat'>·</span> <span class='ocrx_word' id='word_1_311' title='bbox 80 3693 141 3731; x_wconf 70' lang='lat' dir='ltr'>uam</span> <span class='ocrx_word' id='word_1_312' title='bbox 161 3693 190 3730; x_wconf 87' lang='lat' dir='ltr'>ut</span> <span class='ocrx_word' id='word_1_313' title='bbox 201 3680 283 3734; x_wconf 86' lang='lat' dir='ltr'>dicam</span> <span class='ocrx_word' id='word_1_314' title='bbox 297 3699 396 3749; x_wconf 79' lang='lat' dir='ltr'>apertum</span> <span class='ocrx_word' id='word_1_315' title='bbox 406 3683 447 3734; x_wconf 91' lang='lat' dir='ltr'>hic</span> <span class='ocrx_word' id='word_1_316' title='bbox 455 3686 524 3735; x_wconf 90' lang='lat' dir='ltr'>idem</span> <span class='ocrx_word' id='word_1_317' title='bbox 534 3686 570 3737; x_wconf 91' lang='lat' dir='ltr'>es·</span> <span class='ocrx_word' id='word_1_318' title='bbox 639 3689 705 3748; x_wconf 67' lang='lat' dir='ltr'>Ibit]</span> <span class='ocrx_word' id='word_1_319' title='bbox 719 3689 812 3753; x_wconf 85' lang='lat' dir='ltr'>Vulgg.</span> <span class='ocrx_word' id='word_1_320' title='bbox 822 3706 847 3736; x_wconf 80' lang='lat' dir='ltr'>ac</span> <span class='ocrx_word' id='word_1_321' title='bbox 853 3689 1005 3755; x_wconf 57' lang='lat' dir='ltr'>fugientium.-</span> <span class='ocrx_word' id='word_1_322' title='bbox 1021 3687 1065 3738; x_wconf 84' lang='lat' dir='ltr'>sed</span> <span class='ocrx_word' id='word_1_323' title='bbox 1074 3690 1112 3738; x_wconf 86' lang='lat' dir='ltr'>le·</span> 
     </span>
     <span class='ocr_line' id='line_1_39' title="bbox 103 3748 1114 3826; baseline 0.005 -29"><span class='ocrx_word' id='word_1_324' title='bbox 103 3760 149 3814; x_wconf 82' lang='lat' dir='ltr'>atq</span> <span class='ocrx_word' id='word_1_325' title='bbox 194 3748 336 3817; x_wconf 80' lang='lat' dir='ltr'>‘udquod</span> <span class='ocrx_word' id='word_1_326' title='bbox 353 3749 570 3803; x_wconf 83' lang='lat' dir='ltr'>lib.v11.debel·</span> <span class='ocrx_word' id='word_1_327' title='bbox 606 3750 800 3804; x_wconf 59' lang='lat' dir='ltr'>etonem‘ame</span> <span class='ocrx_word' id='word_1_328' title='bbox 817 3760 984 3826; x_wconf 84' lang='lat' dir='ltr'>receptamin</span> <span class='ocrx_word' id='word_1_329' title='bbox 1001 3755 1044 3805; x_wconf 91' lang='lat' dir='ltr'>suo</span> <span class='ocrx_word' id='word_1_330' title='bbox 1061 3760 1114 3804; x_wconf 84' lang='lat' dir='ltr'>Co-</span> 
     </span>
     <span class='ocr_line' id='line_1_40' title="bbox 58 3812 1116 3896; baseline 0.007 -29"><span class='ocrx_word' id='word_1_331' title='bbox 58 3812 87 3868; x_wconf 82' lang='lat' dir='ltr'>lo</span> <span class='ocrx_word' id='word_1_332' title='bbox 102 3816 127 3867; x_wconf 83' lang='lat' dir='ltr'>G</span> <span class='ocrx_word' id='word_1_333' title='bbox 224 3818 263 3874; x_wconf 79' lang='lat' dir='ltr'>alt</span> <span class='ocrx_word' id='word_1_334' title='bbox 279 3814 362 3873; x_wconf 70' lang='lat' dir='ltr'>Cesar</span> <span class='ocrx_word' id='word_1_335' title='bbox 378 3816 410 3873; x_wconf 77' lang='lat' dir='ltr'>dt</span> <span class='ocrx_word' id='word_1_336' title='bbox 423 3817 570 3893; x_wconf 34' lang='grc' dir='ltr'>Μαίων,</span> <span class='ocrx_word' id='word_1_337' title='bbox 605 3817 661 3873; x_wconf 85' lang='lat' dir='ltr'>dice</span> <span class='ocrx_word' id='word_1_338' title='bbox 678 3819 776 3878; x_wconf 82' lang='lat' dir='ltr'>urveuit</span> <span class='ocrx_word' id='word_1_339' title='bbox 792 3823 861 3874; x_wconf 74' lang='lat' dir='ltr'>Fnla.</span> <span class='ocrx_word' id='word_1_340' title='bbox 881 3827 991 3896; x_wconf 63' lang='lat' dir='ltr'>alffinus,</span> <span class='ocrx_word' id='word_1_341' title='bbox 1004 3824 1116 3896; x_wconf 65' lang='lat' dir='ltr'>inrdsw</span> 
     </span>
     <span class='ocr_line' id='line_1_41' title="bbox 149 3893 1115 3945; baseline 0.008 -8"><span class='ocrx_word' id='word_1_342' title='bbox 149 3922 154 3931; x_wconf 85' lang='lat'>·</span> <span class='ocrx_word' id='word_1_343' title='bbox 988 3898 990 3902; x_wconf 86' lang='grc'><strong>’</strong></span> <span class='ocrx_word' id='word_1_344' title='bbox 1040 3893 1115 3945; x_wconf 62' lang='grc' dir='ltr'>(Ψι</span> 
     </span>
    </p>
   </div>
   <div class='ocr_carea' id='block_1_6' title="bbox 0 0 1312 4462">
    <p class='ocr_par' dir='ltr' id='par_1_6' title="bbox 0 0 1312 4462">
     <span class='ocr_line' id='line_1_42' title="bbox 0 0 1312 4462; baseline 0 0"><span class='ocrx_word' id='word_1_345' title='bbox 0 0 1312 4462; x_wconf 95' lang='lat' dir='ltr'> </span> 
     </span>
    </p>
   </div>
  </div>
 </body>
</html>
