2616 4462
217 260 294 365 768
436 259 483 334 ll.
518 256 734 367 Hrnrrr
766 253 1066 329 Connnnr.

213 381 313 478 cujus
337 376 520 455 decursum
538 379 759 454 antecedebat
775 379 897 466 rivus,
919 378 981 477 qui
1002 377 1043 452 ad
1060 388 1195 452 eorum
1211 371 1268 449 ac2

164 474 189 571 '3
215 477 342 550 cellum
358 476 526 552 summam
537 477 705 550 efficiebat
722 477 789 551 loci
805 477 1044 577 iniquitatem
1067 497 1150 547 nam
1162 473 1265 571 palu·

214 575 331 650 stri&
359 574 564 674 voraginoso
590 576 663 649 solo
691 576 882 650 1currebat
909 576 983 649 ²ad
1000 573 1161 647 dextram
1186 594 1265 670 par·

214 692 301 746 tem.
328 673 377 746 Et
396 671 532 767 Caesar,
557 696 668 771 quum
682 672 789 747 aciem
812 672 976 746 diredlatn
992 668 1162 758 vidisset.
1189 692 1263 742 non

214 769 337 844 habuit
355 770 523 861 dubium,
547 773 633 869 quin
649 772 758 845 media
774 770 915 870 planitie
931 770 968 842 in
987 791 1132 869 aequum
1147 767 1196 840 ad
1214 766 1262 839 di-

162 887 193 967 4
216 868 412 941 micandum
425 868 604 944 adversarii
619 870 853 967 procederent.
870 865 1262 942 Hoceratinomnium

215 964 415 1063 conspedlu.
439 965 525 1038 Huc
540 967 742 1058 accedebat,
766 986 807 1041 ut
822 967 921 1039 locus
936 964 993 1037 illa
1007 962 1150 1063 planitie
1163 959 1262 1062 equi·

215 1081 326 1137 tatum
343 1083 506 1144 ornaret,
527 1066 564 1139 &
580 1064 673 1158 diei,
693 1063 851 1164 Solisque
865 1063 1028 1137 serenitas
1042 1087 1051 1132 ε
1077 1080 1119 1135 ut
1135 1058 1262 1135 mirifi-

214 1186 297 1234 cum
314 1161 351 1234 ὃς
369 1162 561 1256 optandum
584 1182 718 1260 tempus
733 1186 841 1263 prope
855 1160 898 1234 ab
907 1156 1264 1238 Diisimmortalibur

164 1261 191 1356 '5
215 1258 302 1331 illud
319 1259 490 1332 tributum
504 1261 585 1332 ess'et
602 1260 643 1332 ad
660 1260 826 1359 proelium
843 1255 1150 1333 committendum.
1180 1255 1265 1330 No*

214 1355 274 1429 stri
285 1356 414 1445 laetari,
442 1357 711 1431 nonnullietiam
725 1359 867 1454 timere,
882 1357 978 1455 quod
991 1356 1027 1430 in
1043 1379 1127 1428 eum
1137 1351 1261 1428 locum

216 1478 267 1527 res
282 1451 504 1552 fortunaeque
521 1454 680 1528 omnium
703 1455 978 1544 deducerentur,
1003 1472 1067 1543 ut,
1083 1451 1261 1551 quidquid

166 1537 195 1623 ,6
217 1549 295 1648 post
313 1550 431 1623 horam
451 1551 544 1626 casus
561 1551 747 1645 tribuisset,
771 1553 808 1625 in
827 1552 937 1626 dubio
956 1569 1157 1650 poneretur.
1196 1550 1262 1622 lta·

244 1672 286 1719 ue
301 1647 409 1722 nostri
424 1648 466 1721 ad
481 1648 714 1724 dimicandum
729 1651 945 1749 procedunt:
972 1649 1006 1721 id
1023 1647 1119 1746 qnod
1137 1645 1259 1721 adven

216 1671 318 1818 darios
331 1744 607 1822 existimabamus
620 1747 685 1822 ess'e
701 1746 877 1836 facturos3
899 1747 960 1846 qui
974 1766 1087 1820 tamen
1105 1743 1127 1817 ὲ
1143 1741 1258 1818 muni·

217 1842 311 1916 tione
326 1843 491 1941 oppidioo
511 1844 655 1942 paffibus
664 1846 803 1944 longius
817 1870 888 1919 non
904 1843 1074 1922 audebant
1090 1841 1260 1938 procede·

111 1950 115 1958 '
217 1965 286 2027 re,
312 1943 347 2013 in
367 1966 438 2040 quo
458 1941 519 2015 fibi
540 1968 648 2042 prope
671 1968 811 2017 murum
836 1940 1048 2015 ³.adversarii
1070 1938 1260 2013 constitue*
1292 1978 1295 1983 ·

168 2055 196 2140 '7
219 2038 311 2112 bant.
336 2040 456 2137 Itaque
477 2040 583 2113 nostri
599 2042 800 2137 procedunt.
833 2041 1014 2113 Interdum
1028 2037 1175 2135 aequitas
1193 2033 1259 2111 loci

218 2137 425 2212 adversarios
440 2137 660 2238 efflagitabat,
672 2161 717 2212 ut
727 2138 992 2213 taliconditione
1006 2134 1261 2210 contenderent

169 2240 192 2307 'r
218 2234 260 2307 ad
276 2234 478 2308 victoriam:
501 2260 612 2335 neque
621 2255 734 2309 tamen
749 2235 827 2310 illid
837 2237 893 2310 sua
905 2233 1186 2308 consuetudine4
1202 2233 1260 2306 de·

219 2331 404 2415 cedebant,
428 2349 469 2404 ut
482 2354 542 2407 aut
557 2335 599 2407 ab
614 2333 751 2415 excelso
768 2334 869 2426 loco,
892 2353 951 2407 aut
968 2331 1012 2403 ab
1027 2330 1184 2430 oppido,
1209 2330 1260 2404 di·

217 2429 403 2504 scederent.
429 2429 768 2529 Nosttipedeprello
782 2432 925 2532 propius
941 2429 1058 2502 rivum
1076 2452 1190 2526 quum
1202 2453 1262 2527 ap·

218 2525 518 2625 propinquaffent,
542 2530 720 2604 adversarii
736 2531 940 2628 patrocinari
954 2527 1032 2601 loeo
1046 2527 1169 2624 iniquo
1189 2550 1261 2602 non

168 2696 170 2701 .
217 2623 389 2697 definunt.

167 2739 195 2807 2
263 2722 406 2797 XXX.
433 2739 444 2780 ⁵
465 2722 551 2799 Erat
567 2723 654 2799 acies
674 2748 772 2800 xrrr
800 2723 923 2825 aquilis
940 2724 1124 2800 constituta
1142 2749 1263 2891 ,lquae
1302 2804 1306 2811 ,

1175 2844 1264 2899 aren

255 2961 278 2997 r.
297 2949 397 2997 currebat
411 2949 441 2996 ad
454 2950 717 3012 dextrumpurremffie-
749 2959 893 3007 extremum
921 2952 1086 3001 Menatem
1110 2947 1210 2992 Nervic.
1237 2947 1265 2994 ud

220 3012 367 3077 ponendum
382 3014 531 3065 crediderim
542 3031 577 3063 ex
596 3019 648 3062 MS.
661 3023 718 3063 Nor·
749 3018 868 3071 dextrum,
884 3017 953 3074 cujus
970 3010 1103 3069 'Gloffenra
1120 3005 1156 3054 est
1166 3013 1212 3056 vul
1217 3029 1264 3077 ga·

218 3083 265 3126 vic.
288 3098 374 3128 currens
396 3096 461 3138 erat,
487 3084 530 3145 qui
547 3079 717 3129 Hellenismus
748 3081 872 3130 telestio.
908 3085 977 3131 Idem.
1098 3122 1101 3127 .

126 3179 129 3184 .
218 3142 272 3202 est,
288 3147 392 3213 optimis
409 3144 568 3212 scriptoribus
582 3161 635 3193 non
645 3149 718 3212 igno·
784 3163 806 3202 3.
828 3148 968 3208 Adversarii
992 3139 1164 3213 constituebant]
1205 3150 1263 3197 Ms,

216 3221 266 3260 tus.
286 3217 352 3261 cicero
370 3214 397 3262 in
407 3218 477 3263 Orat.
486 3227 511 3276 p.
522 3229 579 3273 204
590 3211 630 3261 ed.
642 3217 716 3261 Lam-
749 3217 838 3261 Norvic.
866 3227 956 3261 vocem
980 3211 1137 3270 interponit,
1157 3222 1213 3280 qun
1237 3215 1262 3261 in

217 3272 271 3325 bin.
287 3277 329 3326 Est
345 3283 418 3336 enim,
440 3292 463 3326 ua
478 3280 537 3337 scis,
564 3279 627 3341 quast
641 3298 664 3325 m
681 3297 717 3324 ex·
748 3290 846 3327 textum
864 3290 983 3341 recepta,
1000 3276 1099 3338 integer
1116 3271 1151 3320 est
1164 3275 1262 3328 tensus.

215 3353 287 3390 trema
300 3348 380 3407 pagina
395 3345 594 3391 Pladrilisverbir
609 3345 718 3409 loquens
749 3349 786 3393 Ex
804 3360 834 3393 eo
853 3340 930 3408 igitur
947 3343 1006 3405 lege
1020 3340 1145 3400 adversarii
1152 3347 1262 3405 prelium

216 3410 324 3459 Socrates.
350 3411 462 3454 Vitruvius
485 3408 583 3460 Archit.
612 3408 657 3460 lib.
679 3427 716 3460 11.
749 3412 801 3457 dum
816 3409 975 3468 constituebant.
1010 3404 1090 3455 Idem.
1264 3446 1269 3453 ,

215 3488 272 3538 cap.
292 3489 313 3522 1.
332 3477 425 3535 Phryges
443 3490 513 3531 vera,
540 3480 579 3538 qui
596 3477 717 3537 campestri·
782 3495 806 3535 4.
824 3474 975 3531 Decedebunt]
986 3474 1023 3521 sic
1034 3471 1191 3538 legendum,
1206 3489 1262 3526 non

215 3541 255 3586 um
269 3540 320 3583 aaa.
335 3532 390 3584 sunt
407 3535 560 3589 habitantes.
579 3541 630 3589 ndi
641 3544 667 3591 ae
686 3545 717 3600 rt.
749 3540 895 3600 atterebant.
913 3538 984 3604 quoe
994 3541 1021 3587 in
1033 3539 1107 3590 editt.
1143 3541 1215 3590 Idem.

217 3603 364 3661 casaubonum
377 3601 409 3650 ad
426 3609 535 3667 Capitolini
551 3610 646 3655 Anton.
662 3605 719 3654 Phi·
783 3621 805 3660 5.
825 3608 883 3651 Erat
898 3610 954 3654 acies
969 3621 1030 3654 xrrr
1053 3609 1133 3670 aquilis
1155 3606 1261 3667 constitu

151 3708 154 3713 .
186 3682 190 3688 ·
216 3662 266 3718 los.
280 3682 334 3731 cap.
346 3683 390 3719 xx.
424 3674 518 3720 Devius.
748 3673 787 3727 tu]
806 3668 835 3717 ld
845 3669 896 3731 est,
914 3672 1023 3721 totidem
1032 3670 1187 3738 legionibus.
1206 3664 1264 3723 Har¹

251 3750 275 3784 2.
295 3736 340 3782 ard
361 3736 461 3783 dextram
479 3740 582 3801 purtem]
606 3741 652 3785 Pro
679 3735 719 3784 his
749 3737 819 3784 enim
827 3734 894 3802 ipsas
906 3754 950 3804 per
959 3740 1057 3804 aquilas
1068 3738 1262 3797 numerabant,

206 3798 320 3856 'vocibus
337 3799 403 3854 cod.
417 3805 510 3869 ducta,
521 3799 721 3871 repraesentatur
749 3803 777 3855 δι
794 3802 908 3871 legionis
926 3807 1006 3865 totius
1023 3805 1110 3873 aquila
1128 3802 1195 3867 fuir>
1211 3803 1264 3924 ¹¹12ss

1130 3895 1137 3904 ι
1208 3884 1224 3920 e
1258 3904 1269 3936 Ι
