2616 4462
297 281 359 335 ott
380 255 545 331 Boooo
568 252 737 345 Ctvtnt
758 252 857 329 Lin.
883 258 915 332 1.
1072 266 1149 360 443

121 382 267 486 quisq-ue
280 378 317 453 in
331 377 445 454 eastris
460 395 650 450 notumaut
666 376 874 473 municipem
890 380 1052 472 habebat,
1069 407 1156 456 con·

147 484 230 557 uirit
245 537 255 570 ,
279 473 383 574 atque
396 495 528 550 evocat.
544 475 701 547 Primum
716 497 810 573 agunt
819 484 935 574 gratias
943 505 1041 548 omnes
1056 487 1154 549 omni-
1177 505 1204 557 2

119 510 193 666 ius,
218 578 298 677 quod
312 574 374 671 fibi
382 572 551 674 perterritis*
560 573 667 672 pridie
673 573 886 673 peperciffent:
909 602 1011 645 eorum
1019 576 1054 668 se
1067 576 1154 646 bene·
1184 603 1187 610 ·

110 680 190 776 ficio
216 682 355 746 vivere:
380 686 392 724 ¹
411 670 531 743 deinde
549 675 741 768 Imperatoris
755 671 856 766 fidem
871 694 1023 766 querunt,
1044 675 1156 743 rosione

113 778 151 871 se
168 777 220 844 illi
227 776 293 866 stne
308 769 506 860 commiffitri5
531 783 599 847 (φ,
624 766 704 862 qnod
717 765 821 836 nonai
836 772 923 837 initio
930 771 1085 860 fecerint,
1099 796 1156 838 ar·

113 878 234 969 'meque
251 894 322 937 cum
335 863 495 935 hominibus
512 866 700 956 nemphrot,
724 882 772 935 (Υ
786 865 1008 963 confhnguineis
1022 869 1124 936 centul
1140 905 1158 925 ·

119 975 214 1055 rim,
232 985 457 1058 conqueruntur.
483 962 552 1035 His
567 963 747 1058 provocati
763 960 997 1052 sermonibus,
1011 961 1158 1059 fidemab
1181 984 1205 1069 3

123 1061 355 1163 imperotorede
373 1065 485 1159 Petreji
502 1077 549 1131 (γ’
566 1061 697 1146 Afranii
710 1064 778 1129 vita
787 1081 917 1158 petunt3
938 1086 975 1128 ne
992 1061 1071 1155 quod
1086 1067 1119 1129 in
1122 1061 1158 1154 se

122 1164 231 1255 scelus
245 1159 392 1258 concepiffl
408 1214 419 1246 ‚
443 1184 499 1226 neu
507 1158 578 1250 suos
589 1156 753 1255 prodidisti
769 1156 943 1230 videantur.
966 1155 1076 1250 quibus
1086 1184 1159 1227 con·

124 1258 263 1353 firmatis
275 1253 356 1324 rebus
375 1310 386 1342 ‚
402 1256 440 1348 se
452 1254 563 1350 statim
572 1257 661 1351 figno
679 1249 868 1347 transsaturos
881 1253 1091 1348 confirmarem
1113 1258 1159 1324 le·

127 1353 270 1453 gotosque
281 1351 319 1419 de
329 1372 405 1450 poce
421 1356 591 1445 primorum
605 1350 745 1419 ordinum
761 1356 946 1419 centuriones
958 1351 999 1419 od
1018 1354 1159 1446 Caesorem

129 1455 264 1519 mittunt.
292 1446 435 1520 Interim
452 1447 508 1519 alii
522 1445 599 1520 suos
615 1447 649 1518 in
664 1445 788 1535 castra,
812 1465 827 1499 ²
846 1448 1012 1520 invitandi
1030 1448 1157 1538 ctull'a,
1180 1465 1208 1545 4

127 1546 325 1630 adducunt3
349 1543 405 1616 alii
419 1542 462 1615 ab
471 1543 536 1617 suis
544 1544 764 1617 abducuntur
776 1569 786 1631 3
798 1545 898 1628 adeo,
925 1566 965 1618 ut
979 1571 1045 1618 uno
1057 1545 1160 1619 castra

121 1643 195 1752 jam
219 1639 308 1714 stila
326 1665 370 1713 ex
395 1640 484 1715 binis
505 1643 717 1717 viderentur.
746 1642 1008 1740 compluresque
1030 1645 1161 1716 tribuni

129 1726 309 1829 militumi
332 1740 371 1811 &
386 1739 602 1813 centuriones
616 1740 656 1810 ad
677 1737 844 1810 Caesarem
862 1741 1030 1828 veniunt,
1056 1741 1159 1838 seque

130 1835 163 1908 ei
177 1836 429 1908 commendant.
452 1836 536 1908 Hoc
545 1837 634 1912 idem
646 1835 687 1909 fit
700 1834 721 1907 d
736 1836 947 1932 principibus
965 1838 1162 1932 Hispaniae5
1185 1859 1211 1936 5

131 1931 287 2027 quosyilli
302 1955 547 2024 evocaverant,
570 1935 607 2006 &
618 1933 773 2004 secumtn
789 1933 901 2005 castris
920 1935 1162 2008 hebebantob·

128 2029 244 2103 fidum
255 2028 347 2101 loco.
370 2029 398 2100 li
416 2029 492 2103 suos
507 2051 607 2103 notos
626 2029 840 2128 hospitesque
857 2031 1077 2127 quaerebant,
1101 2055 1163 2129 per

71 2140 75 2145 ’
130 2152 240 2226 quem
258 2125 401 2224 quisque
417 2150 542 2203 cotum.
554 2128 685 2200 aditum
703 2130 1008 2200 commendationis
1024 2129 1162 2202 habetet

130 2227 172 2297 ad
190 2223 375 2297 Caesatem.
400 2222 533 2297 Afranii
543 2225 643 2296 etiam
661 2224 752 2296 filius
761 2223 974 2316 adolescens,
998 2228 1162 2302 desua&
1186 2232 1212 2312 6

131 2321 279 2421 potentis
293 2320 344 2394 sui
357 2320 485 2416 salute,
509 2347 589 2396 eum
606 2321 761 2412 Caesare,
784 2346 844 2419 pet·
859 2324 1051 2422 Sulpicium
1070 2327 1161 2425 lega-

1066 2444 1163 2513 tum,

134 2541 268 2608 nusetiptis
286 2541 407 2611 Bongats.
425 2549 509 2596 Petav.
527 2547 553 2596 bt
570 2560 594 2595 v.
612 2558 633 2595 c.
700 2559 721 2593 1.
739 2545 822 2590 Deinde
831 2550 966 2608 Imperatoris
973 2547 1041 2607 fidem
1049 2555 1162 2612 querunt]

133 2612 243 2676 legitur.
259 2613 426 2661 Evocatetiam
442 2613 487 2660 olii
499 2610 635 2676 legendum
667 2610 784 2668 Coniecit
802 2615 848 2662 Pet.
861 2617 994 2669 decennius,
1010 2620 1069 2661 Dein
1083 2618 1164 2663 delm-

131 2688 296 2754 putavetant.
312 2676 515 2727 Sedcitcconiue
530 2677 637 2742 opponit
664 2679 768 2738 peratoris
779 2675 825 2736 fide
840 2693 937 2742 quarunt
954 2712 961 2734 ,
979 2693 1055 2743 quem
1069 2677 1165 2729 secutus

132 2745 167 2792 tis
184 2741 348 2790 autotitatem
363 2746 483 2800 Lucani,
508 2745 551 2808 qui
567 2741 637 2808 supet
669 2742 714 2801 Jos.
736 2744 830 2805 Scaliger
849 2745 885 2791 ita
900 2743 990 2792 edidit.
1016 2749 1166 2795 Ataltetam

90 2832 94 2837 ·
131 2808 174 2858 his
192 2805 252 2873 ipsis
270 2808 402 2872 colloquiis
416 2811 468 2859 eit:
610 2804 615 2814 “
667 2806 804 2857 lestionem
813 2808 934 2857 exhibent
945 2808 1071 2867 Codices,
1084 2825 1165 2874 eaque

166 2873 312 2938 Hospitisille
325 2877 457 2933 cinnameo,
474 2872 637 2937 vocatiilepro-
667 2875 773 2923 omnino
790 2872 825 2921 est
840 2874 980 2924 retinenda.
998 2878 1089 2923 ovidius
1099 2881 1163 2927 Met.

197 2945 316 3004 pinquum.
667 2938 711 2990 lib.
722 2955 795 2988 x111.
805 2937 840 2990 vs.
851 2952 889 2995 89.

131 3007 231 3056 Mirum
241 3015 310 3053 cette
320 3003 576 3069 po'e'tam,quiaevocet
585 3021 637 3054 non
697 3028 759 3042 ⁵-
776 3009 801 3052 δι’
816 3011 911 3069 queritis
919 3010 982 3066 hotius

133 3069 229 3120 licebat
246 3104 254 3127 ‚
271 3065 378 3135 posuisse
390 3084 461 3120 vocae.
480 3070 527 3119 Sed
543 3071 636 3121 omitto
699 3075 818 3118 Fortunam
828 3086 919 3135 pugne,
935 3090 976 3119 non
986 3073 1039 3131 sum
1049 3072 1166 3135 superatus

133 3135 193 3187 haec.
229 3142 264 3183 D.
277 3135 362 3197 Voffius.
732 3137 811 3185 abillo.

167 3202 426 3265 IbideJquemquisqae.
437 3201 475 3249 Sic
486 3197 637 3265 MSSsBong.
667 3199 757 3249 Nostet
779 3200 824 3249 lib.
849 3217 871 3249 1.
897 3206 923 3251 B.
942 3207 975 3253 G.
1000 3218 1165 3268 cnp.xv111.

141 3269 198 3318 Pete.
211 3269 267 3330 Voff.
276 3266 489 3318 Naronaceditt.
506 3275 572 3335 Rom.
588 3274 637 3317 Vm.
668 3268 750 3314 Eodem
762 3267 841 3325 secreto
856 3270 883 3314 ab
898 3273 947 3316 aliis
964 3276 1047 3334 querit.
1072 3274 1102 3319 In
1110 3274 1165 3320 MS.
1215 3326 1217 3331 Ι

142 3335 237 3380 Bneeid.
250 3335 323 3396 Steph.
337 3337 372 3381 At
382 3332 440 3391 Just.
451 3335 532 3395 Lipsius
545 3337 571 3384 δι
589 3334 638 3393 Jos.
668 3336 783 3379 Brantiano
800 3329 902 3383 absurde
920 3336 1012 3402 legitur
1030 3341 1168 3400 Imperaton's

144 3397 233 3458 Scaliger
252 3400 281 3447 in
303 3394 353 3445 suis
378 3396 530 3446 editionibus
549 3414 637 3463 repite-
663 3397 731 3458 fidem
749 3413 874 3461 queruntur.
908 3401 987 3453 Idem.
1214 3437 1216 3440 ι

142 3455 266 3512 sentamnt
281 3466 459 3528 quernplcrisque
475 3465 637 3524 incastrit&c.
703 3480 726 3514 2.
744 3467 857 3512 Invitandi
872 3469 968 3528 cauffo]
985 3472 1019 3518 Ut
1035 3485 1079 3520 eos
1095 3469 1168 3520 beni·

140 3539 198 3591 qux
207 3528 304 3589 quidem
315 3528 392 3579 lesbio
402 3541 456 3578 tam
464 3526 552 3588 sensui,
562 3545 639 3596 quam
668 3545 718 3596 gne
727 3530 855 3595 amiceque
866 3535 1026 3598 exciperent3
1042 3537 1090 3586 hoe
1098 3539 1168 3589 enim

137 3595 314 3649 Grammatico
328 3604 459 3660 tepugoat.
492 3599 548 3646 Nos
564 3599 641 3664 igitur
668 3598 696 3645 in
722 3596 781 3645 loeo
797 3598 844 3645 illa
860 3596 894 3645 est
909 3601 977 3649 vocis
996 3604 1105 3651 invitandi
1120 3618 1169 3669 po-

134 3670 255 3709 vetetum
268 3656 412 3726 sctiptutom
431 3695 438 3718 ,
461 3661 644 3725 probamen.
668 3662 751 3713 testas.
770 3661 832 3713 Vide
849 3677 902 3727 que
919 3667 1025 3731 collegit
1043 3669 1109 3728 Joan.
1121 3673 1168 3716 Ge·

137 3722 227 3800 roffio,
245 3738 317 3789 teque
332 3722 387 3796 ipsa
402 3729 533 3783 clamante
548 3764 557 3792 ,
572 3728 640 3782 teili-
668 3747 712 3792 org.
730 3733 831 3782 Gravius
839 3728 871 3782 ad
880 3732 961 3796 Justim‘
975 3731 1021 3787 lib.
1031 3749 1118 3803 neap.
1128 3751 1167 3788 vt.

132 3801 240 3858 numm,
276 3796 372 3861 Deum,
668 3797 740 3866 Idem..
