2616 4462
263 257 856 353 ,beBsnnoArurcAuos
1008 254 1088 358 '625

55 373 187 476 gressus
202 373 229 449 a
240 373 305 447 suis
323 373 436 446 castris
453 371 559 444 millia
575 373 730 470 pass'uum
750 397 784 456 v,
799 370 819 444 d
834 366 1004 471 Scipionis
1019 375 1084 445 cir-

57 479 142 547 citer
168 498 211 544 tr
240 471 389 544 millium
417 468 596 567 interjeslo
614 469 749 565 spatio,
772 468 808 541 in
824 470 894 541 acie
919 469 1081 544 constitit.
1132 496 1137 506 “

57 570 243 666 Postquam
256 572 328 640 satis
346 568 475 665 diuque
485 565 691 638 adversarios
709 565 729 638 d
745 565 777 637 se
791 569 833 639 ad
851 566 1083 643 dimicandum
1107 560 1136 646 οξ

42 667 218 753 invitatos
235 663 584 762 supersederepugnae
599 659 858 752 animadvertit,
881 664 1014 736 reducit
1025 688 1084 734 co-

54 760 461 860 piasPosterodiecastra
470 759 1086 859 movet,atqueiteradoppidumSar·
1110 783 1132 863 3

54 860 186 951 suram,
209 860 269 932 ubi
294 876 306 908 ¹
326 857 685 956 ScipioNumidarum
696 856 858 929 habue'rat
868 857 1084 954 praesidium,

53 958 342 1051 frumentumque
356 973 661 1050 comportaverat,
684 953 733 1024 ire
753 955 942 1026 contendit.
975 954 1135 1051 Quod4

55 1054 117 1126 ubi
135 1053 309 1153 Labienus
326 1051 584 1140 animadvertit,
597 1053 860 1148 'cum'equitatu
879 1051 1018 1148 levique
1032 1077 1084 1122 ar·

55 1171 187 1223 matura
201 1173 324 1249 agmen
334 1151 407 1246 ejus
423 1170 619 1222 extremum
633 1172 771 1244 carpere
785 1149 892 1245 coepit
904 1173 912 1219 :
926 1168 1028 1246 atque
1039 1148 1086 1221 ita

55 1245 202 1327 lixarum
226 1267 552 1344 mercatorumque,
575 1245 636 1343 qui
660 1245 795 1342 plostris
821 1271 950 1320 merces
969 1267 1086 1339 porta·

57 1342 173 1435 bant„
185 1344 380 1441 interceptis
395 1344 552 1436 sarcinis,
575 1342 693 1415 addito
711 1344 843 1425 animo,
869 1342 1011 1441 propius
1027 1367 1088 1415 au·

58 1439 239 1539 daciusque
256 1439 386 1514 accedit
401 1440 443 1513 ad
459 1440 633 1540 legiones,
657 1442 752 1536 quod
768 1439 982 1514 existimabat
997 1440 1087 1511 mili-

58 1557 108 1612 tes
125 1538 187 1611 sub
209 1562 314 1612 onere
334 1563 373 1610 ac
389 1537 450 1611 [ub
465 1537 596 1611 sarcinis
619 1537 821 1703 defatigatos
843 1550 997 1635 pugnare
1016 1561 1088 1609 non

56 1633 161 1731 poss'e.
186 1635 278 1730 Quae
294 1659 345 1708 res
360 1633 530 1716 Caesarem
548 1657 620 1706 non
646 1631 726 1707 fefel
742 1653 837 1706 erat:
863 1636 1011 1730 namque
1028 1657 1088 1706 ex·
1113 1659 1143 1741 ς

57 1732 191 1830 peditos
205 1757 248 1804 ex
264 1730 405 1830 singulis
423 1729 617 1830 legionibus
634 1730 780 1802 tricenos
797 1728 921 1802 milites
936 1730 1002 1803 ess'e
1016 1731 1086 1828 jus·

46 1827 145 1922 'serat
164 1854 174 1917 3
197 1828 313 1926 itaque
329 1851 388 1900 eos
412 1825 448 1898 in
463 1827 656 1924 equitatum
676 1825 820 1898 Labieni
837 1825 1002 1899 immissos
1016 1831 1088 1900 tur‘·
1113 1833 1138 1909 6

59 1925 124 1999 mis
142 1928 282 1998 suorum
299 1923 468 2021 suppetias
478 1923 593 1996 mittit.
616 1925 713 1998 Tum
725 1921 919 2013 Labienus,
944 1948 1090 1996 conver·
1140 1946 1167 2020 j.
1243 1935 1245 1942 '

60 2019 102 2092 fis
119 2023 239 2119 cquis,
261 2019 437 2119 lignorum
451 2019 638 2119 conspeslu
653 2021 878 2120 perterritus,
901 2019 1092 2118 turpiffiine
1143 2108 1145 2112 p
1189 2086 1198 2102 ,

60 2119 240 2191 contendit
250 2116 369 2217 fugere
380 2143 390 2204 3
401 2117 517 2190 multis
526 2119 598 2216 ejus
613 2116 749 2205 occisrs,
764 2117 1002 2215 compluribus
1014 2117 1092 2189 vul-

59 2216 194 2289 neratis.
221 2215 355 2290 Milites
370 2214 548 2311 legionarii
563 2216 604 2288 ad
619 2214 715 2288 suase
728 2213 898 2312 recipiunt
914 2213 1028 2313 ligna,
1043 2233 1093 2287 at·
1107 2249 1140 2324 ,7

60 2337 128 2408 que
145 2314 207 2386 iter
221 2314 399 2409 inceptum
413 2333 677 2420 rrecoeperunt:
705 2311 878 2384 Labienus
895 2337 954 2408 per
965 2317 1092 2410 jugum
1162 2322 1166 2333 '

62 2409 237 2482 summum
260 2410 358 2485 collis
379 2408 577 2482 dextrorsus
605 2408 726 2507 procul
750 2425 765 2462 2
784 2408 908 2482 milites
933 2409 1093 2509 subsequi

58 2511 135 2576 'non
154 2505 292 2581 desistit.

110 2599 320 2676 LXXVI.
343 2600 530 2702 Postquam
548 2603 664 2680 Caesar
678 2603 720 2678 ad
739 2596 905 2702 oppidum
922 2606 1093 2680 Sarsutam
1123 2636 1140 2683 t

40 2733 47 2743 ··
63 2697 189 2780 venit,
213 2697 477 2795 inspeetanribus
489 2700 684 2774 adversariis
704 2759 714 2789 ‚
740 2697 921 2775 interfecto
937 2701 1094 2799 praesidio

64 2794 270 2891 Scipionis,
293 2818 403 2890 quum
423 2796 488 2869 suis
510 2799 677 2872 auxilium
702 2797 790 2870 ferte
815 2820 886 2868 non
903 2799 1066 2872 auderent
1084 2798 1112 2888 ,’

63 2891 200 2964 sortiter
218 2913 431 2990 repugnante
443 2893 659 2968 P.Cornelio
676 2894 844 2991 Scipionis
854 2915 1018 2986 evocato,
1035 2897 1098 2989 qui

35 3008 37 3012 ’
63 2989 111 3061 ibi
128 3010 294 3087 praecrat,
317 2987 449 3084 atqued
465 2990 688 3064 multitudine
704 2990 940 3063 circumvento
957 2991 1099 3066 interfe-

28 3088 30 3092 ’
66 3085 212 3184 stoque,
238 3085 369 3184 oppido
382 3085 515 3180 potitur
524 3114 533 3168 ;
559 3107 665 3186 atque
681 3087 727 3158 ibi
738 3087 913 3161 frumento
930 3089 1099 3164 exercitui
1122 3122 1148 3173 2

67 3180 174 3274 dato,
199 3183 338 3281 postero
352 3184 407 3255 die
431 3181 474 3254 ad
491 3183 659 3284 oppidum
680 3183 839 3259 Tisdram
855 3186 1038 3280 pervenit,
1062 3189 1099 3262 in

760 3310 763 3315 ’
1025 3309 1100 3386 quo

102 3413 124 3448 i.
143 3399 210 3462 Scipio
226 3403 372 3452 Numidarum
396 3403 499 3450 hduerur
513 3413 568 3464 pru-
602 3418 691 3454 exart.
725 3407 819 3454 Davier.
1098 3428 1100 3434 ¹

62 3465 158 3524 fidium}
178 3469 232 3515 MS.
243 3475 331 3518 Neruii.
349 3465 507 3533 tepraesentat
519 3470 567 3514 Sci·
634 3487 659 3519 2.
676 3472 761 3517 Milites
772 3469 873 3536 subsequi
886 3489 928 3522 uun
942 3472 1102 3534 desistitLMS.

64 3534 101 3594 pio
125 3532 270 3577 Numidarum
292 3532 400 3583 habebat
421 3534 566 3598 prustdium,
600 3542 690 3585 Norvrc.
711 3533 782 3587 editt.
798 3541 921 3606 ‘quffem
939 3540 1039 3603 Beroald.
1058 3553 1103 3586 ex-

68 3611 123 3660 qua:
139 3591 198 3642 sane
213 3595 289 3644 lestio
305 3614 357 3647 non
367 3600 453 3664 paullo
465 3597 500 3648 est
514 3614 567 3647 me·
600 3600 689 3651 hibent
707 3603 807 3669 subsequi
832 3621 872 3652 uon
887 3604 966 3665 defficit
983 3640 991 3663 ,
1008 3600 1104 3653 ¹omissa

68 3664 136 3718 lior,
153 3675 208 3708 eum
225 3662 294 3736 enim
309 3662 390 3714 Cesar
400 3664 433 3713 ad
448 3664 568 3730 oppidum
600 3670 682 3733 prima
698 3682 787 3726 voce,
810 3684 863 3735 qua
887 3672 959 3720 nullo
975 3668 1104 3720 sententiat

69 3724 197 3803 Sassuram
213 3739 298 3784 vemt,
314 3727 350 3803 ibi
363 3728 503 3795 praefidium
520 3732 570 3780 Sci-
602 3734 757 3787 detrimento
771 3731 853 3789 abesse
868 3734 958 3800 potest.
991 3739 1064 3799 idum

67 3793 152 3859 pionis
169 3805 297 3861 repertum
312 3793 446 3852 interfecit.
464 3793 530 3852 Vide
546 3811 568 3848 c.

717 3873 791 3938 zai
