2616 4462
143 318 151 329 .
201 244 280 347 654
438 199 1066 321 'lernrr'rcounuurs

144 383 175 472 3
201 361 309 440 Ponit
322 363 364 437 ad
387 360 511 438 Ullam
525 361 630 436 castra
653 362 831 461 Lepidus3
856 388 968 464 neque
990 364 1092 438 habet
1109 365 1130 440 a
1148 366 1248 444 Mar·

73 470 76 484 '
200 462 294 563 cello
310 461 503 560 quidquam
521 459 631 536 divifi.
664 461 725 534 Ne
740 482 947 561 pugnetur,
972 463 1147 540 interdicit
1168 493 1178 540 ε
1203 470 1247 544 ad

198 563 400 635 exeundum
417 557 572 632 Caffium
584 557 729 646 inuitat3
745 559 922 654 fidemque
938 561 1030 634 suam
1046 561 1082 634 in
1099 587 1136 637 re
1146 566 1247 640 omni

74 701 77 706 ·
154 656 408 762 '4interponit
434 657 559 753 Quum
577 656 636 729 diu
648 655 830 731 dubitasset
847 655 999 748 Cassius,
1024 660 1108 757 quid
1119 659 1247 735 fibifa·

201 755 384 847 ciendum,
405 756 540 852 ‘quidve
555 754 695 852 Lepido
710 755 791 829 effet
807 755 1019 829 credendum
1032 782 1043 844 3
1060 781 1171 855 neque
1186 760 1245 833 ul-

194 852 277 927 lum
292 853 428 928 exitum
444 851 574 927 consalii
590 852 640 925 sui
657 854 837 950 reperiret,
862 850 887 923 fi
901 874 1116 949 permaneret
1124 854 1157 927 in
1168 854 1243 929 sen-

161 1036 164 1043 .
201 951 330 1039 tentia;
354 949 524 1048 postulat,
549 951 601 1024 uti
612 950 821 1025 munitiones
833 949 1090 1049 disjicerentur,
1110 951 1242 1051 sibique

150 1060 179 1155 '5
201 1047 290 1123 liber
307 1049 419 1122 exitus
435 1049 583 1121 daretur.
615 1049 705 1122 Non
721 1069 855 1122 tantum
875 1048 1020 1121 induciis
1035 1047 1134 1122 fatus
1152 1106 1165 1142 ,
1187 1051 1243 1126 sed

201 1170 313 1243 prope
324 1146 395 1245 jam
419 1145 603 1220 constituta
620 1152 723 1242 opera
737 1170 847 1244 quum
871 1148 1158 1244 complanarent,
1182 1172 1247 1223 cu·

202 1243 394 1342 stodiaeque
418 1243 654 1318 munitionum
671 1242 780 1317 essent
798 1242 986 1334 dedudlae,
1008 1242 1133 1319 auxilia
1156 1245 1247 1345 regis

182 1339 240 1413 ¹sin
256 1340 290 1412 id
306 1340 481 1414 castellum
503 1341 660 1415 Marcelli
680 1398 692 1434 ,
716 1341 810 1439 quod
835 1343 1035 1511 proximum
1053 1362 1124 1415 erat
1140 1345 1246 1442 regiis

202 1436 345 1527 castris,
370 1442 484 1536 neque
499 1439 721 1533 opinantibus
738 1437 835 1513 omni
862 1463 902 1512 us
920 1496 931 1530 ‚
957 1438 1001 1524 (fi
1018 1440 1186 1513 tamenin
1204 1467 1246 1515 o·

202 1533 343 1608 mnibus
358 1535 425 1610 fuit
440 1534 594 1627 Cassius,
618 1561 696 1610 nam
713 1536 757 1610 de
773 1536 874 1633 hujus
888 1536 1091 1610 conscientia
1107 1536 1246 1611 dubita·
1264 1593 1267 1597 -

202 1629 320 1724 batur)
337 1632 505 1733 impetum
513 1632 689 1724 fecerunt,
704 1632 968 1733 compluresque
976 1633 1023 1706 ibi
1041 1633 1168 1709 milites
1177 1660 1244 1732 op·

155 1728 182 1805 6
203 1728 407 1899 presserunt.
432 1732 543 1828 Quod
561 1731 623 1806 nist
636 1732 819 1822 celeriter,
843 1731 1078 1832 indignatione
1094 1733 1132 1806 bt
1147 1733 1245 1806 auxi·

219 1827 252 1900 io
267 1827 417 1927 Lepidi,
442 1829 609 1928 proelium
626 1828 709 1906 edet
726 1829 960 1927 diremptum,
982 1834 1090 1929 major
1106 1829 1244 1904 calami·

88 2013 92 2020 ,
204 1945 255 1999 tas
272 1926 356 1999 esset
371 1948 520 2025 accepta.
1028 1981 1029 1984 =

152 2031 175 2092 ‘1
251 2023 395 2100 LXIV.
420 2025 547 2120 Quum
565 2023 629 2100 iter
644 2023 760 2100 Cassio
777 2023 985 2122 patefaslum
1001 2023 1085 2099 effet
1103 2051 1114 2113 ;
1137 2023 1244 2101 eastra

151 2166 155 2173 ,
201 2120 391 2198 Marcellus
400 2148 480 2197 cum
489 2123 627 2218 Lepido
643 2122 838 2221 conjungit.
858 2121 1141 2220 Lepiduseodem
1154 2145 1244 2198 tem·

200 2242 308 2312 pore,
328 2221 584 2320 Marcellusque
601 2218 805 2294 Cordubam
817 2245 898 2293 cum
916 2220 981 2293 suis
991 2220 1242 2317 proficiscitur:

154 2330 181 2377 2
204 2330 215 2363 1
235 2314 367 2390 Cafftus
377 2318 600 2393 Carmonem.
612 2318 686 2394 Sub
697 2319 789 2391 idem
803 2319 1150 2413 tempusTrebonius
1160 2345 1244 2418 pro·

202 2413 322 2485 consul
338 2414 379 2487 ad
396 2417 608 2512 provinciam
626 2416 848 2491 obtinendam
867 2417 987 2490 venit:
1015 2416 1058 2488 dc
1076 2418 1174 2515 cujus
1185 2419 1246 2492 ad·

201 2515 310 2582 ventu
327 2529 367 2584 ut
383 2516 552 2610 cognovit
567 2513 698 2588 Caffius
715 2573 726 2605 ,
748 2514 922 2613 legiones,
947 2539 1031 2613 quas
1048 2513 1162 2588 secum
1183 2517 1245 2590 ha-

155 2611 178 2694 3
202 2604 350 2698 buerat,
373 2610 640 2710 equitatumque
662 2612 698 2685 in
715 2612 856 2686 hiberna
877 2611 1050 2686 distribuit
1063 2637 1077 2686 :·
1091 2611 1179 2711 ipse,
1204 2642 1246 2688 o-

201 2704 341 2778 mnibus
365 2706 430 2779 suis
448 2708 549 2782 rebus
572 2709 726 2784 celeriter
742 2711 939 2808 correptis,
963 2711 1132 2787 Malacam
1157 2736 1246 2785 con·
1294 2738 1296 2744 ’

200 2804 313 2877 tendit
332 2830 341 2892 3
364 2803 480 2902 ibique
502 2807 642 2880 adverso
662 2829 817 2906 tempore
836 2808 1020 2907 navigandi
1038 2834 1139 2882 naves
1157 2835 1245 2882 con-

151 2887 173 2939 ι’
200 2899 352 2992 stendit,
377 2926 416 2977 ut
433 2905 501 3003 ipse
519 2905 724 3003 praedicabat
743 2965 754 2998 ‚
779 2908 869 2982 nese
888 2907 1089 2989 Trebonio,
1116 2905 1152 2975 ὅ(
1169 2905 1247 2977 Le-

56 3056 62 3065 1
150 3003 178 3082 4
199 2999 301 3094 pido,
328 3005 366 3078 δι
382 3004 551 3078 Marcello
569 3005 829 3095 committereta
847 3027 888 3081 ut
899 3009 998 3083 amici
1013 3005 1086 3100 ejus
1103 2996 1247 3075 dictita-

200 3094 303 3189 bant,
323 3126 364 3174 ne
379 3127 440 3198 per
457 3104 761 3203 comprovinciam
777 3106 912 3180 minore
926 3131 1006 3180 cum
1025 3095 1194 3197 dignitate
1213 3101 1245 3173 i-

199 3210 253 3268 ter
265 3195 410 3285 faceret,
434 3205 532 3304 cujus
550 3225 673 3302 magna
690 3228 765 3303 pars
780 3202 824 3276 ab
839 3228 882 3276 eo
898 3200 1086 3276 defecerat:
1112 3215 1152 3268 ut
1173 3221 1244 3310 ⁰³³?

1174 3314 1242 3370 ten

235 3473 258 3511 1.
275 3462 352 3522 Caffius
369 3467 519 3524 carmanum]
537 3462 621 3514 Godd.
638 3470 699 3513 Nar·
737 3451 863 3515 Carmonem
881 3459 956 3516 malls
977 3485 983 3516 :
1010 3478 1071 3515 nam
1090 3464 1122 3515 (le
1141 3470 1243 3520 Narbone

199 3525 280 3578 sonem.
297 3531 376 3575 Ltvltss
392 3527 435 3578 lib.
456 3545 699 3594 xxx111.cap.xxr.
734 3533 834 3590 Martii,
852 3547 909 3582 cum
927 3532 974 3580 ille
990 3530 1059 3582 firin
1079 3534 1183 3592 Gallia,
1200 3538 1242 3586 ni-

197 3589 265 3642 intet
281 3594 423 3644 maritimas
432 3596 558 3644 ulterioris
574 3593 699 3660 Hispaniae
733 3597 769 3647 hil
787 3597 821 3647 est
839 3598 908 3663 quod
932 3600 1084 3665 cogitemus.
1120 3599 1167 3649 Sed
1192 3619 1242 3654 nee

198 3658 315 3711 civitates
338 3663 453 3708 tardonem
470 3664 495 3711 δι
517 3664 636 3708 Bardonem
660 3675 699 3708 te·
731 3666 806 3712 Narba
822 3667 957 3731 quicquam
974 3665 1021 3715 huc
1038 3665 1124 3725 facit,
1150 3680 1242 3732 utpote

196 3723 281 3776 censet
299 3763 307 3784 ,
324 3741 429 3792 quarum
446 3728 525 3777 altera
541 3726 608 3776 haud
623 3724 698 3775 dubie
731 3727 758 3777 in
768 3728 896 3781 Lusitania
915 3731 978 3790 sita,
997 3736 1023 3784 &
1034 3732 1064 3782 ab
1075 3734 1165 3785 itinere
1175 3738 1244 3804 Ttt7

195 3793 341 3859 accipienda
359 3793 553 3862 reponendaque
573 3791 608 3845 est
624 3828 632 3855 ,
650 3790 697 3846 nist
713 3792 801 3850 »boati
820 3786 990 3855 arerstffima.'
1014 3801 1136 3866 Glandorp.
