2616 4462
337 248 605 355 Nomia
647 221 904 347 mm
1065 241 1159 383 8537

155 401 344 469 Mesodunum.
367 400 441 465 Hoc
458 417 568 460 nomen
584 414 743 480 perperam
759 389 905 458 infulsum
923 393 964 458 e‘st
978 395 1058 481 apud
1074 405 1141 464 Cae.
1239 470 1242 477 ἱ

113 487 209 551 sarem
231 486 303 558 bis,
326 504 386 568 pro
410 504 472 567 quo
491 500 607 545 veteres
629 500 733 544 omnes
755 479 863 561 scripti
880 479 1004 550 codices
1026 481 1141 549 habent

114 573 327 649 Metiosedum.
351 569 467 632 Verum
482 567 604 651 quidem
617 566 656 629 est
673 562 878 628 Melodunum
892 567 925 630 δε
936 563 1141 633 Metiosedum

112 663 204 720 unum
221 656 364 735 idemque
380 653 529 736 oppidum
546 650 611 714 esic.
634 647 684 713 sed
702 649 907 713 Melodunum
925 648 1069 732 posterius
1090 650 1141 716 est.

111 741 220 804 Hodie
251 741 347 800 Melan
375 737 406 800 iu
433 736 528 800 insula
555 733 701 817 Sequanae
731 734 823 797 instar
850 733 981 800 Lutetiae
1012 732 1145 798 Parifio·

109 845 188 888 rum.
217 819 311 883 Aliud
327 820 553 890 Melodunum.
575 820 654 894 vel,
673 838 707 882 ut
722 818 799 883 alibi
819 819 965 902 reperio,
989 817 1144 882 Miliodu·

111 929 184 971 num
201 905 233 967 in
247 926 322 989 agro
339 905 519 973 Bituricensi
532 905 639 986 Vulgo
656 909 762 967 Mean..
780 903 845 967 Alii
862 924 921 988 pro
937 904 1143 967 Metiosedum

113 993 220 1074 legunt
235 991 389 1073 Josedum,
415 997 449 1058 δε
474 990 579 1053 Corheil
599 989 848 1073 interpretantur.
892 988 1011 1077 Quibus
1027 989 1144 1055 bonam

112 1094 244 1140 mentem
260 1095 430 1158 precamur.

113 1162 117 1179 ¹
156 1161 387 1238 Mediomatricis.
411 1154 634 1225 Posterioribus
657 1156 849 1240 temporibus
872 1157 945 1237 urbs
970 1156 1146 1222 Medioma-

115 1244 227 1307 tricum
245 1244 402 1309 vocatacst
419 1244 533 1315 Meta,
556 1246 591 1308 δι
607 1237 821 1328 vuigonomen
832 1237 959 1315 retinet,
981 1261 1075 1326 quum
1090 1263 1145 1307 an·

113 1347 164 1392 tea
181 1325 374 1393 Divodurum
388 1329 416 1392 ei
430 1348 540 1392 nomeu
555 1325 636 1390 esser.
929 1354 932 1359 ·

156 1419 290 1500 Menapii.
313 1410 427 1479 Strabo
442 1435 513 1478 cum
532 1411 666 1477 Morinis
674 1411 835 1477 continuat
851 1412 885 1476 in
897 1408 1145 1475 maritimisBel·

112 1494 175 1579 gii,
199 1500 232 1563 dc
250 1500 350 1563 Caesar
366 1518 489 1595 quoque
507 1495 624 1560 indicat
641 1494 685 1558 ibi
700 1495 767 1560 esse.
797 1498 940 1580 Denique
957 1495 1146 1562 Ptolemaeus
1196 1567 1200 1572 ,

113 1581 252 1646 collocat
277 1579 315 1663 ad
330 1582 407 1647 ostia
431 1582 539 1646 Mosae.
586 1581 661 1645 Non
681 1581 746 1644 sunt
765 1581 859 1664 igitur
875 1580 1005 1645 Geldrii.
1026 1602 1146 1665 neque,

114 1667 166 1751 qui
182 1667 327 1750 sapiunt,
349 1667 408 1731 hoc
424 1663 601 1730 concedent.
637 1661 696 1728 Sed
714 1683 783 1748 pars
801 1662 952 1728 hodierna
970 1663 1146 1730 Holiandiae

114 1755 150 1816 dc
168 1749 340 1817 Brabantiae
350 1752 535 1826 maritime,
554 1749 602 1811 vel
617 1747 719 1831 potius
734 1748 896 1813 secuudum
910 1747 1095 1813 Strabonem
1110 1771 1148 1812 o-

114 1855 149 1898 ra
166 1835 192 1899 F
195 1833 322 1899 landriae
345 1837 528 1906 maritima,
552 1835 620 1897 su'nt
635 1832 698 1896 veri
722 1832 874 1917 Menapii.
898 1837 932 1899 dc
952 1833 1149 1916 Menapiscus

115 1940 212 2004 pagus
231 1920 347 1984 dicitur
371 1921 402 1983 in
424 1918 622 2004 Capitulariis
643 1917 757 1983 Karoli
782 1918 891 2001 Magni
912 1939 970 2002 pro
993 1916 1149 1981 Flandriae

116 2009 287 2151 Corpitatu.
309 2004 473 2090 Nunquam
490 2002 663 2088 persuaderi
684 2001 774 2067 nobis
789 2003 890 2089 potuit
909 2002 1076 2087 Menapios
1091 1999 1164 2066 esses

115 2090 175 2151 Gel
201 2089 274 2152 rios.
825 2104 831 2115 ‘

158 2178 276 2238 Morini.
298 2173 416 2239 Eorum
436 2170 507 2237 urbs
524 2171 668 2237 Teroana
684 2171 817 2239 diruta‘a
832 2169 955 2258 Karolo
969 2171 1089 2256 quinto.
1185 2201 1188 2204 ·

116 2319 330 2450 NAnruatir.
362 2323 444 2386 Cave
461 2320 565 2386 credas
586 2321 643 2386 esic
658 2321 877 2388 monasterium
893 2317 955 2384 hoc
977 2323 1101 2387 nomine
1119 2321 1152 2386 in

182 2405 364 2481 Sabaudia‚
387 2428 419 2470 ut
435 2406 574 2489 quaedam
590 2427 651 2471 non
666 2411 737 2472 sana
754 2407 858 2492 capita
876 2405 993 2473 volunt.
1016 2407 1092 2474 Sunt
1110 2408 1153 2480 ii,
1264 2453 1266 2457 ι

119 2492 278 2576 inquibus
295 2511 390 2576 pagus
408 2491 664 2565 Odiodurusest,
689 2492 720 2556 id
738 2492 778 2556 est
795 2534 805 2564 ‚
825 2490 953 2556 Sandius
970 2493 1154 2567 Mauricius.

120 2574 213 2658 Cujus
229 2577 272 2640 rei
292 2577 384 2641 fidem
400 2572 518 2642 faciunt
541 2596 753 2658 monumenta¹
765 2576 908 2662 passionis
924 2576 1054 2662 legionis
1071 2577 1154 2640 The·
1192 2634 1196 2647 ,
1238 2582 1242 2588 ’

119 2662 280 2733 batorum,
301 2661 459 2746 inquibus
486 2660 640 2727 Odioduri
658 2661 700 2727 est
716 2663 835 2726 mentio
855 2682 862 2723 ε
886 2659 1080 2726 Odiodurum
1103 2683 1156 2725 au·

120 2764 187 2809 tem
204 2743 357 2813 icatsare
374 2744 405 2806 in
422 2746 570 2831 Veragris
585 2748 726 2831 proxime
743 2739 952 2810 Nantuatibus
968 2748 1153 2810 collocatur.
1201 2776 1204 2783 f
1254 2745 1273 2803 j

122 2829 258 2914 Quidam
275 2826 378 2911 legunt
396 2830 557 2895 Autuares.
593 2829 652 2914 Sed
670 2832 722 2916 qui
739 2832 911 2895 Nantuates
927 2829 967 2893 ad
983 2830 1157 2894 Aesonium

120 2917 226 2980 lacum
242 2914 428 2976 constituunt
446 2919 480 2979 &
497 2914 740 2979 Constantienses
755 2913 810 2978 esse
828 2914 955 2984 dicunt.
979 2935 1044 2978 noti
1056 2915 1158 2978 minus

122 2999 290 3084 despiunt,
312 3018 405 3083 quam
424 2999 476 3084 qui
492 2999 708 3066 monasterium
726 2997 804 3065 illud
828 2997 1096 3066 Benedidiinorum
1112 3000 1161 3064 in-

123 3102 340 3169 terpretantur.
585 3099 590 3102 ⁴
1064 3090 1068 3098 “
1142 3159 1147 3165 ¹

167 3169 346 3254 Nitiobriges.
374 3177 409 3229 Le
424 3181 492 3248 pays
513 3188 552 3232 θ’
570 3166 765 3253 Sinescsa'uce‘e
784 3170 945 3248 d’Agtnori.
977 3167 1094 3233 Eorum
1114 3169 1160 3233 ci-

124 3253 205 3316 vitas
229 3254 389 3336 Aginnum
412 3252 575 3322 Ausonio,
597 3251 796 3325 Ptolemaeo5
821 3256 979 3338 Agerinum
1005 3256 1163 3338 Hierony.

126 3357 203 3407 mo,
224 3338 378 3420 Gregorio
400 3335 597 3411 Turonensi,
617 3337 696 3401 aliis.
739 3335 773 3402 Si
791 3337 837 3400 vis
863 3338 987 3412 ridere,
1008 3339 1074 3422 lege
1094 3360 1162 3425 quae

127 3419 266 3487 hadieuus
281 3440 386 3485 omnes
403 3421 441 3486 de
455 3422 503 3484 his
518 3421 703 3496 delirarunt,
722 3441 851 3504 quorum
867 3422 920 3485 alii
939 3428 1101 3510 Mimpesi'er
1118 3427 1163 3486 es-

128 3504 280 3570 sedicunt
297 3546 308 3576 ‚
329 3505 381 3589 qui
397 3506 483 3571 locus
499 3507 547 3570 sex
566 3506 685 3572 dierum
707 3507 817 3570 itinere
832 3507 922 3572 distat
939 3506 1164 3588 'a-Niiiobiigi-

128 3591 191 3654 bus.
215 3588 269 3653 alii
293 3592 466 3673 Engousefme
484 3591 645 3656 somniant.
688 3591 754 3655 Atii
771 3590 876 3672 jubent
901 3613 958 3677 pro
983 3595 1105 3677 Aginno
1121 3591 1166 3653 le.

129 3672 262 3764 gendum
273 3672 328 3736 esse
343 3675 524 3754 Agesnares.
547 3676 589 3739 Et
604 3697 668 3762 quo
684 3687 746 3739 non
755 3680 898 3760 processit
913 3676 1011 3742 audax
1028 3675 1169 3742 inscitias
1200 3668 1202 3678 '

172 3767 328 3826 Nannetes.
348 3765 467 3826 Nuntii.
489 3759 573 3829 Vide
588 3761 622 3829 in
638 3760 807 3828 Tribunali
825 3761 1023 3826 Aremorico.

708 3847 804 3920 thi
828 3873 844 3938 3
1095 3847 1173 3931 Νινῃ1
