2616 4462
1098 70 1121 103 0

199 268 285 370 42⁶
436 236 483 339 C.
507 265 540 360 J.
564 259 794 338 Cmssnrs
816 260 1067 341 Consanum·

197 388 275 461 lum
291 384 450 460 finitimae
466 385 620 460 civitates
644 384 783 483 longius
800 407 1016 461 removerant
1035 411 1044 458 :
1096 383 1133 460 ui
1144 390 1245 469 enne

196 485 385 585 pabulandi
401 504 461 558 aut
481 482 716 556 frumentandi
731 482 840 556 caussa
862 482 1027 583 progressi
1044 541 1054 574 ,
1071 408 1143 559 lios
1155 485 1242 561 levis

198 597 381 656 armanturae
401 581 579 671 Lusrtani,
605 580 775 679 peritique
795 604 912 656 earum
932 582 1113 682 regionum
1124 585 1242 661 cetrati

198 679 365 754 citerioris
392 679 571 777 Hispaniae
587 677 899 765 consectabantur,
923 682 1050 779 quibus
1065 702 1134 755 erat
1160 708 1242 780 pro·.

197 778 291 852 clive
319 778 489 851 transnare
512 776 673 865 flumen,
708 778 804 874 quod
828 776 1043 852 consuetudo
1062 802 1182 852 eorum
1199 806 1243 853 o·

198 875 335 951 mnium
353 875 425 965 est,
449 896 489 948 ut
507 891 518 925 1
538 873 606 946 fine
624 874 761 947 utribus
780 873 820 946 ad
843 876 1036 949 exercitum
1055 890 1124 949 non'
1146 898 1239 951 eant.

149 968 172 1060 [Ι
246 973 392 1052 XLIX.
417 974 466 1046 At
480 974 649 1047 exercitus
665 971 798 1044 Afranii
813 971 972 1044 omnium
995 998 1113 1047 rerum
1130 971 1240 1047 abun·

198 1071 302 1146 dabat
327 1070 434 1169 copia.
466 1070 618 1142 multum
639 1091 710 1144 erat
731 1071 944 1142 frumentum
963 1070 1171 1168 provisum,
1200 1073 1237 1147 &

198 1167 411 1242 convestum
424 1166 654 1264 superioribus
665 1165 900 1266 temporibus:
926 1167 1241 1243 multumexomni

199 1266 378 1363 provincia
393 1266 674 1361 comportabatur
690 1295 700 1338 ι
727 1289 850 1364 magna
864 1264 962 1364 copia
976 1263 1093 1361 pabuli
1116 1267 1243 1363 suppes

152 1381 180 1450 2
204 1363 309 1438 tebat.
336 1364 473 1435 Harum
492 1362 771 1436 rerumomnium
788 1361 964 1437 facultates
978 1361 1046 1435 stne
1062 1361 1136 1435 ullo
1149 1363 1244 1455 peri-

202 1461 285 1533 culo
303 1486 390 1558 pons
406 1461 526 1534 llerdae
541 1461 731 1558 praebebat,
756 1461 793 1533 δι
810 1454 884 1533 loca
896 1480 987 1535 trans
1001 1459 1133 1533 flumen
1148 1460 1242 1533 inte-

204 1581 282 1656 gra,
307 1583 379 1655 quo
395 1560 539 1631 omnino
550 1557 666 1630 Caesar
680 1558 771 1631 adire
789 1582 861 1630 non
877 1577 1022 1655 poterat.

152 1651 175 1738 b
255 1656 299 1726 L.
327 1658 389 1728 Eae
400 1655 767 1754 permanseruntaquae
780 1656 851 1728 dies
865 1654 1072 1753 complures.
1082 1652 1242 1727 Conatus

89 1774 92 1779 ’
203 1752 253 1825 est
269 1753 385 1843 Caesar
399 1754 538 1831 reficere
553 1775 686 1851 pontes.
711 1754 767 1827 sed
788 1776 851 1825 nec
863 1752 1068 1851 magnitudo
1086 1749 1241 1825 fluminis

204 1850 444 1944 permittebat,
469 1876 581 1948 neque
591 1853 632 1923 ad
647 1855 753 1946 ripam
763 1848 933 1947 disposrtae
943 1850 1103 1925 cohortes
1120 1849 1243 1921 adver·

156 1945 183 2031 [2
206 1946 375 2036 sariorum
387 1948 504 2046 perfici
521 1948 755 2044 patiebantur:
782 1946 878 2044 quod
896 1947 963 2020 illis
977 1946 1160 2044 prohibere
1168 1965 1241 2021 erat

205 2043 325 2136 facile,
348 2066 424 2118 tum
439 2044 541 2143 ipsius
556 2045 707 2117 fluminis
721 2064 859 2133 natura,
882 2066 986 2143 atque
1000 2069 1099 2141 aquae
1107 2042 1242 2140 magni-

207 2144 349 2230 tudine,
372 2163 446 2216 tum
465 2143 558 2240 quod
574 2167 618 2216 ex
637 2143 717 2215 totis
733 2141 812 2240 ripis
828 2142 865 2213 in
882 2165 993 2216 unum
1009 2163 1113 2239 atque
1129 2164 1241 2242 angu-

160 2256 184 2341 3
209 2240 297 2313 stum
315 2240 430 2312 locum
451 2241 516 2314 tela
525 2240 757 2339 jaciebantur:
783 2257 886 2335 atque
903 2261 974 2312 erat
991 2238 1155 2323 difficile,
1180 2264 1240 2312 eo-

207 2338 287 2410 dem
311 2359 464 2434 tetnpore
482 2335 685 2436 rapidiffimo
705 2336 849 2411 flumine
866 2361 969 2436 opera
982 2335 1176 2435 perficere,
1200 2337 1239 2411 ὃ(

206 2435 273 2508 tela
289 2435 405 2508 vitare.

156 2540 180 2627 [1
254 2534 317 2605 Ll.
341 2531 541 2604 Nunciatur
559 2531 724 2621 Afranio,
748 2553 892 2625 magnos
908 2528 1111 2616 comitatus,
1136 2526 1238 2626 quii·

205 2650 259 2705 ter
275 2630 442 2703 habebant
457 2629 498 2700 ad
514 2629 685 2702 Caesarem
704 2685 715 2717 ‚
737 2629 779 2700 ad
798 2628 928 2701 flumen
943 2624 1140 2700 constitisse.
1165 2625 1236 2699 Ve-

205 2749 325 2800 nerant
333 2752 376 2800 eo
391 2726 548 2825 sagittarii
557 2754 600 2801 ex
612 2726 808 2814 Ruthenis3
830 2723 961 2823 equites
974 2750 1019 2799 ex
1030 2723 1146 2797 Gallia
1154 2744 1236 2801 cum

204 2826 325 2898 multis
340 2825 440 2897 carris
456 2826 653 2923 magnisque
669 2823 939 2922 impedimentis,
963 2842 1003 2896 ut
1022 2819 1090 2895 sert
1103 2818 1236 2895 Gallica

154 2928 185 3013 [2
207 2921 430 2997 consuetudo.
457 2923 566 2996 Erant
577 2944 718 3020 praetera
733 2921 898 3017 cujusque
912 2919 1045 3017 generis
1053 2920 1237 2993 hominum

202 3014 1239 3116 milliacircitervrcumservis,liberisque,sednullusordm

204 3119 342 3192 nullum
360 3118 707 3215 imperiumcertum,
733 3142 843 3218 quum
854 3120 916 3190 suo
932 3116 1076 3215 quisque
1092 3113 1237 3189 confilio

203 3235 376 3302 uteretur,
402 3239 505 3317 atque
519 3241 638 3293 omnes
655 3216 725 3292 fine
741 3216 865 3290 timore
879 3215 943 3289 iter
958 3213 1129 3305 facerent,
1152 3207 1237 3382 2ps1

1196 3333 1239 3382 u-

238 3452 262 3489 t.
282 3442 332 3488 Sine
346 3445 428 3491 utribus
448 3445 478 3490 ad
492 3446 605 3495 exercitum
622 3465 664 3495 non
680 3464 702 3493 e·
734 3442 770 3494 bo
783 3456 872 3494 tamen
886 3457 918 3493 ex
934 3443 1022 3505 cujac.
1047 3440 1074 3492 δι
1088 3440 1139 3489 Pet.
1159 3442 1239 3489 MSto

116 3545 118 3551 .
203 3502 266 3565 biit]
292 3507 385 3574 Quibus
419 3505 564 3559 incubantes
597 3512 703 3563 flumina
737 3513 777 3573 ufir
789 3514 925 3575 superiorum
934 3523 1052 3573 temporum
1066 3540 1074 3564 ‚
1089 3517 1155 3570 atque
1172 3508 1239 3553 itine-

205 3570 371 3624 ttansnatcnt.
391 3578 428 3622 De
443 3577 473 3623 iis
489 3575 546 3624 vide
562 3581 703 3643 quaecolle-
736 3594 786 3626 rum
802 3581 893 3628 licentia.
929 3573 1076 3625 D-Volllus.

203 3638 245 3700 git
271 3640 308 3688 vlt
332 3637 439 3689 summus
462 3644 492 3703 Is.
515 3645 647 3705 Casastbonus
671 3644 703 3695 ad
768 3646 841 3704 Ilia]
859 3645 896 3694 Sic
909 3642 1037 3693 tetchS.
1054 3635 1239 3690 Narniam&

204 3706 505 3772 omioniiJu1.cap.iv11.
540 3716 634 3764 Davies.
735 3713 833 3760 Beroald.
859 3723 935 3774 atque
952 3710 990 3758 ita
1004 3707 1085 3758 edidit
1098 3706 1147 3767 Μ.
1165 3708 1238 3753 Stad-

238 3788 263 3820 2.
279 3774 322 3830 Ufi
332 3776 465 3838 superiorum
479 3790 597 3840 temporum
609 3782 702 3844 arquei·
731 3795 777 3841 ger.
803 3774 913 3842 Imprelsr
930 3783 997 3842 Qm.
1019 3781 1068 3826 Ven.
1095 3768 1189 3821 habent
1204 3769 1241 3829 ast

200 3830 298 3902 litatum
312 3842 420 3905 lieentia]
447 3841 600 3912 Nonmalb,
616 3843 702 3903 teseri-
730 3846 840 3912 superiore
860 3857 979 3912 turpem
1002 3842 1054 3913 dec,
1079 3842 1150 3898 mss.
1175 3850 1241 3954 νέω

499 3920 504 3927 .
755 3945 761 3955 .
804 3915 807 3919 .
1197 3918 1240 3966 a:
