2616 4462
215 217 296 358 4⁶i
366 252 370 271 ¹
451 253 504 331 C(
521 252 555 353 J.
579 249 800 329 cnsrms
821 250 1081 331 Corrurrrrt‘r.¹

168 385 191 460 ἰ
265 372 350 452 Vll.
376 387 388 427 ¹
407 374 474 451 Sed
489 372 685 449 Nafidianae
703 397 806 451 naves
821 374 910 448 nulli
926 374 1002 448 usui
1018 373 1182 471 fuerunt}
1198 404 1257 454 ce.-

215 473 402 571 leriterque
418 497 535 572 pugna
544 472 769 546 excesserunt.
794 495 866 546 non
881 473 975 548 enim
985 473 1042 546 has
1065 489 1082 527 2
1098 495 1157 550 aut
1166 499 1256 552 con·

217 571 353 671 spe&us
368 572 505 666 patriae,
530 589 589 642 aut
603 570 882 668 propinquorum
898 591 1068 670 praecepta
1080 571 1123 646 a'd
1135 593 1260 649 extre·.
1277 662 1282 672 ί

164 692 194 748 2
216 694 314 743 mum
332 667 614 767 vitaepcriculum
633 667 725 739 adire
739 667 921 766 cogebant.
944 668 1064 766 Itaque
1076 678 1252 746 exeonu·

215 791 312 841 mero
337 767 479 840 navium
501 766 596 838 nulla
617 763 801 838 desiderata
818 765 867 838 est
889 791 898 838 :
924 789 969 838 ex
990 763 1251 845 Maffilienfium

212 862 312 937 clafl'e
328 888 351 934 v
368 862 447 936 sunt
462 862 652 962 depress'ae,
679 887 694 934 1
708 886 731 936 v
745 882 854 960 captae
872 919 885 954 ,
914 887 928 934 1
947 886 1028 936 cum
1053 862 1248 943 Nasidianis

213 960 400 1060 profugit:
426 984 506 1060 quae
530 984 650 1033 omnes
673 959 867 1035 citeriorem
892 957 1096 1056 Hispaniam
1116 964 1251 1060 petive-

166 1085 189 1168 3
214 1082 309 1133 runt.
340 1052 390 1131 At
406 1082 450 1131 ex
474 1057 615 1156 reliquis
629 1081 696 1130 una
724 1056 891 1154 p'raemiffa
913 1056 1123 1150 Maffiliam,
1146 1059 1248 1160 hujus

212 1153 1250 1352 ll¹¹‘llzllssrllllalbmlglrlll{lllll

213 1375 252 1423 ac
268 1375 305 1423 rc
321 1349 461 1449 cognita
483 1407 494 1440 ‚
516 1370 631 1422 tantur
649 1347 764 1421 lucius
780 1351 939 1446 excepit,
960 1370 1002 1426 ut
1026 1347 1110 1425 urbs
1125 1350 1169 1424 ab
1187 1353 1253 1427 ho·

129 1464 132 1471 '
162 1466 190 1551 4
214 1447 323 1521 stibus
341 1469 437 1541 capta
454 1447 575 1521 eodem
600 1446 745 1545 vestigio
767 1445 954 1521 videretur·
988 1466 1000 1507 ³
1028 1446 1252 1539 Maffilienses

212 1564 325 1619 tamen
342 1544 452 1618 nihilo
471 1545 608 1642 sequius
623 1544 665 1616 ad
682 1540 915 1618 defenfionem
931 1544 1029 1620 urbis
1042 1544 1172 1645 reliqua
1186 1570 1250 1647 ap5

211 1667 327 1742 parare
341 1662 535 1738 coeperunt.
757 1668 761 1675 ·

161 1765 184 1820 ,ι
237 1795 242 1804 -
260 1741 312 1814 Vl
317 1740 360 1812 11.
386 1740 450 1813 Est
466 1737 737 1826 animadversum
752 1737 796 1811 ab
814 1737 1030 1840 legionariis,
1052 1740 1116 1839 qui
1130 1742 1251 1818 dextei
1293 1758 1304 1837 ᾗ

210 1862 283 1911 ram
298 1858 429 1936 partem
446 1838 559 1933 operis
572 1834 870 1926 administrabant,
893 1861 938 1912 ex
954 1837 1078 1912 crebris
1093 1839 1250 1916 hostium

209 1934 450 2030 eruptionibus
466 1958 593 2035 magno
610 1932 672 2006 fibi
685 1932 751 2006 effe
769 1932 925 2035 praesidio
936 1934 1053 2033 polle,
1074 1935 1180 2036 fipro
1191 1963 1250 2012 ca·

211 2033 310 2106 stello
327 2060 366 2108 ac
381 2034 597 2128 receptaculo
607 2084 626 2116 ,.
640 2031 764 2105 turrim
780 2055 824 2107 ex
839 2032 943 2106 latere
958 2030 1023 2105 sub
1034 2032 1251 2110 murofecis-

213 2130 314 2205 sent:
347 2155 449 2230 quam
473 2131 588 2229 primo
610 2128 651 2200 ad
670 2129 865 2226 repentinos
892 2128 1047 2203 incursus
1078 2130 1250 2227 humilem

117 2293 120 2297 ,
162 2245 188 2298 2
210 2253 420 2326 parvamque
434 2225 595 2302 fecerant.
620 2224 707 2298 Huc
723 2224 755 2301 se
774 2224 985 2300 referebant:
1012 2226 1113 2318 hinc,
1139 2226 1250 2327 fiqua

211 2326 320 2422 major
335 2324 543 2421 oppresserat
561 2323 639 2413 vis,
664 2322 956 2422 propugnabant:
983 2324 1064 2398 hinc
1076 2325 1118 2399 ad
1135 2326 1251 2424 repel-

163 2428 187 2510 3
212 2421 399 2496 lendum&
417 2420 695 2521 prosequendum
707 2421 840 2496 hostem
857 2421 1120 2517 procurrebant.
1146 2423 1251 2500 Pate-¹
1279 2472 1282 2478 -

210 2519 270 2592 bat
286 2521 360 2593 haec
373 2543 518 2617 quoquo
534 2518 650 2592 versus
665 2518 767 2617 pedes
787 2541 873 2593 xxx,
898 2517 955 2593 sed
975 2519 1144 2618 parietum
1161 2519 1251 2594 cras-

151 2670 153 2675 ,
211 2615 325 2691 fitudo
341 2616 471 2715 pedum
490 2641 525 2691 v.
552 2615 674 2689 Postea
692 2640 800 2704 vero,
824 2635 865 2687 ut
880 2614 931 2690 est
958 2639 1073 2690 rerum
1090 2617 1250 2691 omnium

210 2713 370 2815 magister
386 2715 482 2799 ulus,
507 2713 688 2786 hominum
704 2711 855 2786 adhibita
872 2711 1039 2800 sollertia,
1062 2713 1244 2788 inventum

208 2811 285 2904 cst,
308 2835 437 2915 magno
459 2811 525 2887 esse
542 2808 617 2887 usui
642 2808 763 2910 polle,
788 2808 905 2883 fihaec
932 2808 1014 2884 ellet
1038 2810 1076 2885 in
1093 2810 1250 2886 altitudi-

1166 2933 1249 2983 nem

245 3088 268 3124 1.
287 3077 330 3124 Sed
343 3077 464 3136 Nasidianae
479 3076 563 3135 naver]
580 3073 663 3124 Miror
671 3073 712 3124 in·
744 3083 834 3140 gerunt
847 3074 1001 3140 Interpretes
1013 3070 1047 3122 ad
1064 3074 1152 3123 Phari
1168 3072 1216 3125 lib.
1225 3076 1253 3129 Vi
1298 3051 1302 3058 ¹

188 3143 380 3206 'cogitamiam
406 3143 565 3199 ciacconii,
589 3140 633 3206 qui
648 3140 714 3190 illud
742 3141 803 3192 Fab.
816 3154 853 3188 rr.
888 3144 986 3192 Davies.

96 3215 103 3225 ’
204 3208 247 3268 sed
265 3208 351 3285 alieno
366 3207 407 3258 hic
424 3210 483 3258 loco
497 3205 607 3273 pofitum
624 3220 712 3285 putat,
778 3249 801 3288 3·
817 3229 957 3293 ΜΝ,
975 3242 1048 3277 „m
1062 3231 1128 3277 πίω,
1141 3227 1251 3290 seqnim]

208 3274 237 3324 ἀ
249 3273 477 3334 sedecrmemendat.
494 3273 575 3324 Male.
610 3275 654 3320 Sed
671 3273 712 3350 lrrc
742 3297 824 3348 Editt,
841 3301 907 3364 «ΚΜ.
928 3302 981 3346 pm..
989 3297 1091 3343 gemla,
1107 3290 1204 3343 habent
1214 3296 1252 3340 ni.

209 3337 422 3416 fimiamhab‘t’
440 3336 510 3395 Μ
523 3340 620 3396 ‘⁰¹¹³‘
637 3353 712 3389 anm·
743 3367 785 3412 ln'lo
797 3364 901 3427 segnius,
917 3360 987 3428 quod
998 3360 1078 3411 etiam
1085 3355 1195 3425 probrum
1204 3357 1251 3410 cst.

208 3416 242 3453 rrt
256 3404 373 3469 periodus
388 3403 543 3457 venustatem
556 3401 633 3455 suam.
676 3412 710 3455 D.
744 3429 860 3490 Sallustius
879 3426 996 3494 Jugmh·
1013 3440 1159 3493 capum·
1175 3427 1252 3473 Nm,

211 3472 302 3538 ΝΜ·
739 3496 825 3559 segnius
840 3497 919 3543 berlum
930 3508 1021 3558 parare.
1040 3500 1101 3562 Corn.
1112 3497 1183 3555 Nepos
1198 3495 1253 3541 Da·

181 3604 185 3611 ,
243 3583 267 3615 2.
289 3564 472 3629 Aurconstetlrrs
483 3565 576 3629 patrie]
592 3565 646 3613 MS.
658 3571 712 3612 Car·
742 3573 804 3611 tam.
825 3562 931 3625 castrt.
948 3563 1022 3608 Nihilo
1026 3559 1112 3624 segnius
1123 3557 1254 3621 persevera-

206 3647 255 3684 νιν,
273 3631 346 3683 editt.
362 3636 428 3698 Rom.
444 3635 495 3678 Vm.
506 3631 606 3678 Beroald.
626 3632 710 3692 Vascos.
743 3631 797 3686 vir3
816 3641 843 3676 ut
857 3623 936 3676 salsus
951 3623 983 3675 fit
1000 3630 1049 3674 Nic.
1065 3625 1189 3684 Heinfius,
1207 3623 1254 3686 qui

204 3700 280 3761 Stepl.
306 3696 400 3747 habent
415 3697 518 3762 resprllus
532 3700 630 3760 patria,
657 3711 711 3762 qua
744 3692 777 3743 ad
796 3695 872 3741 ovidii
879 3696 991 3742 Metam.
1007 3689 1054 3740 lib.
1067 3706 1107 3751 11,
1117 3701 1174 3745 809.
1184 3686 1253 3740 hanc

206 3759 284 3812 roxa
297 3762 446 3820 nonnullis,
461 3763 531 3811 velut
547 3764 630 3812 minus
640 3763 711 3813 Lati·
744 3759 871 3825 loquendi
888 3753 1124 3810 rationemebonis
1140 3753 1256 3822 austori-⁴

192 3843 256 3922 „¹²²³
272 3843 406 3900 perperam
421 3829 542 3901 rejicitur.
559 3833 599 3889 De
616 3828 665 3889 ina
682 3843 711 3899 it
743 3824 789 3887 bur
798 3820 1100 3890 remunerarentur.
1133 3823 1242 3893 ΜΨ·
