2616 4462
206 270 306 366 '754'
423 242 1068 333 'affiatucouuaun

206 379 239 451 sa
254 373 302 450 est
320 369 479 471 inscripta
498 398 508 461 3
532 399 589 468 quo
613 373 665 442 die
687 373 735 443 ad
752 373 893 476 oppidum
920 376 1100 477 capiendum
1127 374 1266 447 accede}

157 497 186 581 4
208 497 276 546 rent
288 531 299 566 ‚
312 475 512 569 sefiscutam
527 474 584 560 effe
593 473 770 571 pofiturum.
793 471 874 565 Qua
886 469 942 567 spe
958 471 1146 564 nonnulli,
1170 475 1264 547 dum

204 571 278 646 fine
296 568 453 669 periculo
479 590 627 640 muruur
640 567 869 653 adscendere,
893 571 930 642 ὃ(
954 571 1125 668 oppidum
1152 572 1265 668 potiri

204 666 301 769 poll'e
318 667 350 741 se
368 665 558 765 sperarent,
583 663 723 761 postero
746 664 801 738 die
819 666 860 764 ad
878 691 1019 740 murum
1038 694 1132 766 opus
1146 671 1265 745 facere

203 785 411 863 coeperunt,
437 765 474 836 &
484 762 575 836 bene
586 785 708 860 inagna
723 763 846 860 prioris
856 766 947 836 muri
962 789 1038 862 pars
1051 766 1187 865 dejesta
1202 766 1263 840 est.

153 891 181 973 5
202 865 290 957 Quo
310 861 403 935 sablo
421 861 465 933 ab
483 859 746 956 oppidanis‚ac
763 859 787 932 st
804 861 940 934 suarum
954 864 1107 960 partium
1127 864 1260 949 essent,

210 958 403 1036 conservati
424 1014 436 1048 ,
461 956 575 1030 millbs
592 955 709 1046 ,facere
739 958 927 1051 loricam,
951 962 1084 1058 quique
1109 961 1261 1060 praesrdii

209 1057 319 1133 caull'a
344 1053 519 1155 praepostti
540 1054 672 1151 oppido
697 1053 717 1127 a
745 1057 915 1154 Pompejo
940 1059 1072 1145 essent,
1099 1059 1260 1133 orabant.

88 1222 91 1229 .
209 1155 352 1252 Quibus
369 1152 544 1251 respondit
559 1151 696 1242 Caesar,
712 1156 751 1243 sta
765 1155 953 1224 conditiones
970 1157 1070 1242 dare,
1095 1185 1159 1227 non
1176 1164 1260 1228 acci·

151 1265 187 1342 6
203 1276 296 1356 pere,
320 1254 511 1347 confheoiffe.
535 1249 611 1346 Qui
626 1274 737 1348 quum
754 1250 789 1322 in
799 1251 968 1350 oppidum
986 1252 1114 1328 reversa
1130 1253 1261 1346 essent,

127 1377 130 1389 ·
210 1347 668 1447 relatoresponso‚clatnore
682 1346 836 1438 sublato,
859 1349 955 1422 omni
965 1373 1092 1449 genere
1107 1351 1260 1426 telorum

163 1474 188 1551 7
210 1447 359 1532 emisso,
384 1468 539 1544 pugnare
562 1469 626 1543 pro
651 1470 753 1518 muro
773 1465 850 1520 toto
874 1469 1089 1544 coeperunt:
1116 1472 1261 1548 propter

73 1549 75 1552 ’
211 1545 308 1644 quod
324 1542 394 1619 sere
411 1567 534 1642 magna
549 1568 625 1641 pars
641 1543 849 1632 hominum,
874 1546 937 1642 qui
954 1544 1121 1620 incastris
1136 1547 1261 1620 nostris

152 1649 155 1657 '
210 1642 340 1732 ell'ent,
364 1641 667 1731 nondubitarunt,
696 1640 782 1739 quin
798 1643 1015 1739 eruptionem
1028 1644 1144 1720 eodie
1155 1645 1261 1719 essent

161 1737 189 1833 ς8
213 1739 350 1816 fatturi.
400 1739 482 1824 Ita,
505 1764 634 1814 torona
659 1738 898 1831 circumdata,
922 1764 1116 1840 pugnatum
1135 1741 1186 1815 est
1203 1741 1265 1814 ali·

142 1891 145 1898 -
184 1866 192 1883 s
211 1838 379 1934 quamdiu
396 1834 897 1934 vehementissime,s1mulque
915 1837 1033 1911 balista
1049 1839 1146 1912 missa
1162 1839 1182 1913 al
1200 1837 1267 1914 no·'

209 1937 288 2009 stris
306 1957 439 2009 turrern
449 1935 592 2033 dejecit:
611 1959 679 2031 qua
689 1934 981 2025 adversariorum,
1006 1937 1066 2033 qui
1083 1939 1119 2008 in
1137 1961 1175 2010 ea
1189 1960 1262 2013 tur·

210 2058 249 2107 re
262 2033 421 2121 fuerant,
446 2057 469 2106 v
485 2031 610 2131 dejetti
625 2033 704 2105 sunt
714 2087 725 2124 ,
747 2033 785 2107 ὅ(
797 2057 902 2132 puer,
929 2033 992 2133 qui
1006 2033 1164 2109 balistam
1181 2035 1262 2111 soli·

139 2168 142 2172 ·
167 2210 176 2223 ,
210 2150 268 2206 tus
282 2151 354 2205 erat
370 2129 562 2205 observare.
1238 2158 1260 2217 g

160 2241 185 2319 ξι
263 2229 370 2304 XlV.
397 2230 454 2301 Eo
471 2229 651 2328 praeterito
670 2250 854 2326 tempore,
878 2229 1067 2351 Pompejus
1086 2249 1180 2308 trans
1196 2233 1263 2309 flu·

209 2349 293 2399 men
308 2326 441 2409 Salsum
462 2326 639 2402 castellum
657 2326 856 2401 constituit:
884 2352 1027 2425 nequea
1042 2329 1167 2404 nostris
1180 2357 1262 2428 pro·

209 2423 361 2511 hibitus,
380 2442 391 2476 ¹
411 2423 558 2523 falsaque
567 2425 624 2498 illa
640 2424 806 2524 opinione
813 2424 979 2522 gloriatus
987 2425 1054 2512 est,
1073 2429 1170 2523 quod
1182 2456 1263 2528 pro-

160 2539 190 2613 β
211 2546 255 2622 pe
270 2522 306 2597 in
323 2521 447 2598 nostris
467 2523 620 2621 partibus
635 2524 753 2596 locum
770 2519 939 2594 tenuisset.
963 2522 1051 2596 Item
1064 2524 1263 2625 insequenti

207 2620 264 2695 die
283 2622 401 2697 eadem
412 2619 661 2694 consuetudine
678 2618 912 2717 dumlongius
922 2620 1167 2722 prosequitur,
1186 2651 1263 2726 quo

205 2717 289 2794 loco
303 2719 437 2818 equites
453 2716 560 2795 nostri
569 2717 749 2792 stationem
767 2715 974 2810 habuerant,
985 2719 1119 2820 aliquot
1133 2743 1265 2800 turmae

207 2840 291 2890 curn
308 2815 380 2891 levi
396 2816 587 2901 armatura,
613 2816 747 2915 impetu
762 2811 879 2907 fatto,
904 2815 984 2890 loco
1000 2818 1079 2893 sunt
1093 2819 1265 2917 dejestae,

206 2914 248 2988 &
265 2932 408 3011 propter
418 2912 624 3010 paucitatem
640 2913 838 2988 nostrorum
853 2914 1037 3012 equitum,
1053 2936 1068 2969 2
1086 2915 1267 3017 fimulque

207 3011 282 3086 levi
305 3029 476 3085 armatura
506 3010 599 3087 inter
625 3036 755 3091 tunnas
784 3011 1054 3088 adversariorum
1085 3014 1266 3108 protritae.

1169 3108 1266 3192 Hoc

135 3289 138 3296 ¹
205 3267 270 3323 'men
287 3270 399 3351 Asteria,
417 3273 462 3342 qui
475 3274 603 3337 miserat,
628 3273 715 3327 inseri·
752 3276 862 3342 pulans,
878 3274 971 3342 quippe
988 3267 1263 3344 quasensunrturbat.

205 3351 421 3454 ptumreppent,
440 3356 467 3392 ut
476 3347 610 3395 annotavit
626 3346 713 3408 copio·
751 3347 847 3392 Davies.

221 3420 283 3457 eea
294 3409 407 3473 antiquis
423 3405 585 3476 scriptoribus
601 3408 713 3461 dottiffi-
784 3426 809 3459 2.
827 3407 940 3469 Simulque
963 3403 1009 3452 levi
1032 3407 1164 3465 armatura]
1189 3410 1263 3468 Joan.

202 3484 262 3522 mus
282 3477 389 3524 „Andreas
406 3477 506 3525 Schottus
522 3477 624 3527 invitis
641 3492 712 3526 com·
751 3473 884 3536 Glandorpio
907 3470 1046 3537 legendum
1062 3469 1162 3522 videtur
1177 3477 1263 3534 stmul-

202 3541 302 3604 paratis
321 3540 451 3600 Aristotelis
467 3555 499 3591 ac
510 3542 661 3602 Demosthenis
678 3540 712 3592 ad
749 3556 791 3604 que
807 3542 863 3588 levis
877 3553 1004 3590 armatura.
1021 3536 1102 3588 Editt.
1121 3545 1191 3608 Rom.
1207 3549 1262 3596 Vm,

202 3606 309 3672 Olymp.
323 3621 485 3658 cv1.an.1v.
519 3613 597 3656 Brant.
749 3607 850 3656 Beroald.
872 3602 995 3655 exhibent
1015 3607 1124 3669 fimulque
1147 3625 1198 3656 cum
1215 3613 1262 3660 levi

242 3687 264 3724 1.
281 3675 391 3736 Falsaque
414 3674 456 3719 illa
477 3674 582 3736 opinione]
600 3675 639 3721 Ex
655 3672 708 3721 MS.
748 3685 881 3731 armatura3
899 3671 990 3723 ῐθᾶἰὶιε
1012 3676 1067 3723 MS.
1085 3677 1179 3724 Norvic.
1191 3677 1265 3735 fims

140 3738 149 3743 “
201 3732 279 3790 'Narra
300 3736 476 3803 reponendum
492 3739 557 3800 falsa
572 3740 614 3784 alla
630 3741 710 3802 opinio·
748 3754 798 3792 cum
813 3741 859 3789 levi
877 3753 1011 3804 armatura,
1027 3754 1058 3795 ac
1072 3736 1263 3803 itatescxlben·

201 3820 247 3877 pt,
261 3820 325 3861 nam
341 3802 453 3887 ueltada
467 3802 504 3863 est
522 3803 712 3877 particulata:
748 3804 820 3879 dum,
852 3809 952 3880 pavus,
