2616 4462
292 283 356 340 uu
380 240 548 340 Bieouo
572 265 839 343 Arnroattol
1020 268 1097 370 689·
1208 246 1211 251 ,
1244 270 1281 287 ”

56 378 174 478 landi,
197 404 257 460 aut
273 386 448 489 lignandi,
464 385 638 460 autetiam
651 381 828 461 muniendi
844 385 950 486 gratia
964 389 1096 461 vallum
1206 442 1212 459 r
1229 405 1236 416 ’
1288 375 1295 388 “

61 488 248 581 petierant,
273 502 423 583 quaeque
434 486 475 556 ad
493 484 634 556 eandem
652 509 725 556 rem
742 510 831 581 opus
845 505 961 576 erant,
976 508 1098 557 omnes

61 583 148 654 intra
165 581 379 654 munitiones
404 581 601 654 minutatim
622 581 843 680 modesteque
858 582 927 655 fine
941 573 1104 656 tumultis
1204 677 1206 681 ¹

60 700 120 752 aut
138 698 266 752 terrore
282 678 313 750 se
329 678 477 776 recipere
494 698 597 775 atque
614 679 762 774 inopere
779 678 983 754 consistere:
999 678 1100 777 equi·

51 774 154 850 'tibus
170 797 308 865 autem,
332 777 438 874 quiin
452 774 594 848 statione
612 773 768 867 fuerant,
786 779 961 875 praecipit,
987 799 1026 849 ut
1044 776 1099 847 us·

58 896 127 969 que
152 899 195 946 eo
214 871 330 945 locum
351 873 580 961 obtinerent,
605 872 639 944 in
659 896 731 970 quo
748 875 865 971 paullo
879 892 956 947 ante
972 871 1100 945 consti·
1218 952 1225 973 x

58 971 195 1057 tiss'ent,
209 970 378 1045 donee‘ab
391 970 485 1042 hoste
502 968 637 1042 miss'utn
654 970 763 1043 telum
779 971 819 1043 ad
836 966 867 1044 se
883 972 1097 1066 perveniret:
1126 1053 1129 1060 ¹

61 1068 160 1163 quod
176 1065 200 1137 sr
218 1069 361 1165 propius
378 1068 619 1154 accederetur,
635 1091 737 1164 quam
755 1067 983 1142 honestiffime
999 1067 1031 1140 se
1048 1072 1100 1138 in-

60 1179 113 1234 tra
133 1166 342 1237 munitiones
359 1166 561 1263 reciperent.
597 1163 666 1236 Alii
686 1189 827 1262 quoque
843 1165 1010 1264 equitatui
1027 1164 1097 1236 cdi·
1114 1185 1150 1235 ¹2
1171 1255 1172 1258 Ἴ

61 1261 132 1350 cit,
158 1262 364 1361 utiquisque
379 1260 439 1335 suo
450 1260 671 1354 locoparatus
686 1261 906 1361 armatusque.
917 1259 1100 1362 praestoes-

23 1427 25 1431 ,
60 1356 122 1430 set.
146 1361 194 1430 At
210 1359 363 1432 haeenon
381 1359 450 1458 ipse
465 1383 525 1457 per
534 1359 566 1429 se
581 1381 719 1449 coram,
735 1381 846 1455 quum
861 1359 904 1432 de
920 1361 1011 1433 vallo
1024 1383 1103 1457 per-

62 1454 320 1550 specularetur,
344 1457 400 1528 sed
427 1475 437 1507 1
457 1454 603 1530 mirabili
620 1456 751 1551 peritus
772 1455 909 1531 scientia
926 1456 1075 1529 bellandi
1087 1488 1103 1546 ,·

63 1552 99 1624 in
118 1555 281 1649 praetorio
299 1553 444 1642 sedens,
469 1577 529 1650 per
545 1551 790 1661 speculatores,
814 1555 851 1626 δι
872 1555 1018 1628 nuncios
1035 1554 1100 1626 im·
1158 1598 1165 1606 ·

63 1649 230 1746 perabat,
262 1676 342 1750 quae
372 1646 447 1723 ficri
471 1650 640 1722 volebat:
666 1650 955 1744 animadvertebat
976 1654 1100 1741 enim,
1126 1681 1148 1764 3

63 1771 271 1845 quamquam
288 1750 418 1846 magnis
432 1747 537 1821 essent
558 1747 664 1844 copiis
672 1746 855 1824 ¹aduersarii
871 1745 965 1831 freti,
987 1767 1102 1822 tamen

63 1843 151 1941 saepe
165 1844 184 1917 d
200 1845 232 1918 se
246 1843 394 1943 sugatis,
418 1843 552 1943 pulsis,
575 1843 829 1942 perterritisque
851 1845 889 1918 &
911 1845 1102 1919 concessam

64 1941 193 2031 vitam,
209 1943 246 2015 ὅ(
263 1944 533 2040 ignotapeccata.
557 1939 699 2040 Quibus
708 1941 809 2015 rebus
824 1959 1014 2040 numquam
1028 1962 1101 2014 tan·
1125 1948 1152 2042 4'

63 2054 98 2109 ta
114 2035 311 2137 suppeteret
335 2038 544 2136 exipsorum
568 2037 687 2112 inertia
707 2038 980 2137 conscientiaque
997 2039 1101 2111 animi

64 2133 221 2209 visioriae
239 2135 391 2226 fiducia,
416 2157 456 2210 ut
471 2135 645 2210 castra‘sua
660 2136 786 2209 adoriri
803 2138 980 2211 auderent.
1007 2137 1102 2209 Prae·
1126 2152 1152 2232 5
1195 2136 1206 2208 i

64 2251 153 2306 terea
167 2232 406 2333 ipsiusnomen
423 2233 675 2333 auetoritasque
685 2257 805 2332 magna
815 2259 859 2308 ex
875 2254 968 2330 parte
979 2243 1118 2308 eorum

24 2377 26 2379 -
62 2330 420 2405 exercitusminuebat
434 2332 627 2405 audaciam:
647 2352 721 2404 tum
734 2332 882 2432 egregiae
895 2331 1105 2405 munitiones
1175 2389 1178 2393 .

65 2425 274 2518 castrorum,
290 2430 327 2503 δι
339 2427 658 2526 vallifosiirrumque
676 2427 840 2515 altitudo,
867 2431 1015 2516 &extra
1032 2429 1105 2501 val·

66 2519 140 2593 lum
166 2541 179 2572 2
198 2523 262 2595 stili
279 2525 380 2616 caeci,
405 2525 594 2599 mirabilem
614 2527 649 2597 in
668 2525 811 2599 modum
829 2526 970 2616 consiti,
994 2526 1050 2600 vel
1063 2523 1105 2598 si·

65 2642 110 2690 ne
126 2617 359 2694 defensoribus
377 2617 718 2696 aditumadversariis
741 2625 986 2722 prohibebant:
1012 2622 1102 2695 scor·
1128 2621 1153 2697 6

65 2715 235 2811 pionum,
260 2720 527 2814 catapultarum‚
556 2741 819 2817 ceterorumque
829 2723 1000 2811 telorum,
1024 2739 1105 2816 quae

64 2813 106 2893 ad
125 2810 381 2887 defendendum
402 2816 509 2889 solent
526 2817 652 2913 parari,
677 2825 836 2924 magnam
852 2819 985 2914 copiam
1001 2817 1106 2891 habe-

64 2907 135 2983 bat.
162 2912 282 3009 Atque
294 2912 368 2984 haec
384 2933 524 3010 propter
542 2915 711 2986 exercitus
730 2915 778 2986 sui
797 2914 970 3009 praesentis
987 2915 1107 3009 pauci·

65 3025 169 3083 tatem
186 3010 222 3082 ὃ(
239 3009 439 3082 tirocinium
456 3029 700 3107 praeparaverat
718 3067 730 3101 ‚
754 3035 826 3084 non
845 3010 998 3084 hostium
1015 3010 1049 3080 vi
1067 3012 1106 3086 bc

1006 3128 1106 3182 metu
1204 3127 1214 3154 ’·

101 3230 125 3264 ι.
141 3221 241 3268 meabili
261 3235 342 3285 persius
355 3216 447 3283 scientia
460 3222 568 3281 bellandi]
633 3236 658 3269 2.
678 3219 730 3270 Srili
746 3225 807 3284 caci]
824 3220 877 3270 Pali
894 3204 950 3268 sunt
970 3217 1106 3283 praeacuti,

66 3285 121 3332 Hac
148 3283 327 3337 construetione
361 3283 469 3337 offensus
501 3287 567 3347 Joan.
601 3284 684 3336 herbis
702 3322 709 3344 ‚
727 3285 859 3338 frondibus
876 3299 918 3334 aut
932 3298 1000 3333 terra
1017 3298 1107 3334 conte·

69 3349 234 3409 Glandorpius,
250 3351 361 3403 rescribit
377 3357 473 3403 mirabili
485 3352 570 3418 praedi·
603 3353 652 3409 sti,
670 3353 702 3400 ιιιΙ
720 3352 751 3403 ab
767 3349 799 3404 iis
816 3355 932 3402 caverent
950 3349 1050 3400 hostes:
1067 3369 1106 3399 ca·

54 3425 107 3461 tus
122 3415 211 3473 scientia
227 3418 333 3467 bellandi:
349 3421 410 3480 Just.
429 3433 514 3469 autern
531 3424 570 3466 Li·
603 3421 732 3469 cumcuim
748 3437 801 3470 non
817 3417 898 3468 solum
910 3432 955 3484 pro
973 3417 1053 3465 oculis
1064 3430 1108 3464 ca·

64 3480 123 3544 pfius
139 3477 219 3526 Eleu.
237 3481 281 3532 lib.
300 3492 339 3534 ιι.
359 3502 414 3552 cap.
435 3502 509 3535 xxrr.
529 3504 572 3532 mr·
603 3498 672 3550 pto,
693 3480 736 3534 sed
752 3489 830 3537 eriam
842 3500 888 3551 pto
904 3479 1037 3544 tarentaseu
1053 3497 1107 3531 non

67 3546 132 3594 rabili
151 3544 251 3607 penitus
262 3548 351 3607 scientia
367 3555 467 3601 bellandi.
485 3549 571 3602 Falsus
606 3547 657 3598 viso
674 3546 810 3618 usurpatur.
846 3549 907 3601 Vide
925 3553 1019 3596 Nonium
1038 3550 1108 3594 Mar—

67 3609 233 3672 estutetque‚
254 3612 571 3680 cum-sanasrtlestiovul-
606 3619 681 3663 cellum
699 3632 731 3682 pa
752 3657 758 3670 .
776 3623 834 3681 475.
861 3615 922 3666 edit.
950 3612 1107 3685 Plantim&

68 3687 131 3791 dm
151 3711 158 3733 ›
182 3686 208 3722 ut
226 3689 297 3725 exem
317 3681 348 3730 lis
364 3683 428 3734 berre
443 3685 530 3734 multis
545 3700 574 3733 o·
607 3681 664 3742 Just.
682 3687 776 3747 Lrpram
790 3685 897 3739 Poliotc,
915 3677 962 3740 lib,
976 3694 1021 3730 ιι.
1036 3677 1108 3734 urai.

90 3741 206 3790 eudimus
228 3741 260 3819 ad
282 3695 328 3798 lii.
348 3751 402 3802 tit.
421 3753 448 3804 Β.
469 3753 500 3803 C.
518 3765 573 3818 cap.
610 3762 747 3814 [hp-519·
782 3755 852 3806 Idem.

69 3821 160 3879 ¹xc111.
195 3812 290 3868 Davus.
400 3816 405 3825 “
631 3846 632 3849 ¹

659 3882 760 3933 'Xx
