2616 4462
284 332 285 335 a
397 260 845 336 Fnaounura'l
1061 272 1164 380 3793*

108 390 443 492 ''atqueinventorem
459 389 569 486 copiae
578 388 723 480 dixerit,
742 412 821 496 quae
836 392 1144 489 eratmagnalaus,
1204 434 1207 439 ·

111 492 169 564 sed
184 489 388 571 etiambene
399 490 561 560 meritum
580 485 763 584 dePopult
778 486 934 559 Romani
950 490 1091 564 nomine
1106 497 1145 572 ὃς

113 581 293 688 dignitate,
314 592 369 656 Ex
387 583 558 658 Cicerone
575 592 608 653 in
624 592 724 655 Bruta
740 607 801 682 cap.
819 609 913 656 uxxr
926 610 957 658 1.
1130 587 1133 594 ’

160 684 205 757 C.
225 681 341 756 Caesar
354 680 411 754 ille
428 705 613 781 perpetuus
627 681 811 773 Dielator,
834 682 903 755 Cn.
920 684 1079 786 Pompeji
1095 686 1148 763 so·

110 808 187 871 cer,
211 780 312 878 dquo
323 780 447 853 familia
458 780 686 880 &appellatio
697 779 874 854 Caesarum
889 780 1048 880 deinceps
1065 809 1148 882 pro·

111 899 233 980 pagara
247 877 295 950 est
308 876 322 951 ⁴:
350 879 403 950 vir
418 881 547 978 ingenii
565 879 792 976 praecellentis
808 935 817 962 ,
842 878 1006 953 sermonis¹
1022 904 1148 979 praeter

111 979 196 1050 alios
214 976 282 1050 suae
297 978 404 1051 aetatis
421 977 589 1049 castillimi
609 1034 619 1061 ‚
645 977 681 1048 in
697 976 793 1049 libris
809 997 896 1074 quos
913 979 954 1050 ad
974 980 1028 1052 Μ.
1047 980 1151 1054 Cice-

111 1100 234 1149 ronem
248 1075 291 1148 de
314 1075 484 1175 Analogia
499 1074 628 1174 scripsit
644 1132 655 1164 ,
678 1075 802 1146 harenas
816 1072 938 1147 vitiose
952 1077 1019 1149 dici
1035 1079 1151 1152 existi·

113 1172 257 1261 mahat,
282 1171 378 1271 quod
404 1177 519 1245 harena
537 1197 727 1269 numquam
745 1170 981 1264 multitudinis
1001 1200 1151 1252 numero

114 1271 393 1369 appellandam,
420 1270 520 1344 sicuti
538 1296 651 1371 neque
675 1275 811 1355 Galum,
838 1296 950 1369 neque
966 1275 1124 1350 ‚Triticum
1135 1303 1151 1354 ‚·

114 1392 235 1443 contra
249 1392 362 1443 autem
387 1369 603 1470 Quadrigas,
629 1369 757 1443 etiamst
782 1392 905 1441 currus
926 1394 1017 1443 unus
1040 1396 1151 1469 equo·

112 1491 193 1540 rum
212 1489 361 1566 quatuor
373 1468 577 1566 junelorum
596 1492 705 1567 uuqm
726 1465 767 1538 fit
786 1524 798 1558 ‚
823 1466 997 1563 plurativo
1021 1469 1152 1567 semper

116 1589 263 1640 numero
278 1566 438 1641 dicendas
453 1564 675 1666 putatssrcut
685 1571 807 1648 Arma,
832 1567 1021 1650 &Mansa
1045 1569 1080 1641 dt
1093 1577 1155 1641 Co-

116 1670 238 1755 mitia,
268 1665 504 1738 &Inimicitias
523 1720 533 1748 ,
558 1664 625 1737 &e
651 1665 764 1744 Paullo
780 1662 868 1759 post:
894 1663 1001 1736 Tunc
1018 1666 1154 1762 prolato

113 1760 208 1833 libro
220 1763 263 1834 de
279 1758 448 1862 Analogia
457 1762 572 1859 primo
586 1758 690 1838 verba
700 1761 774 1853 haec
789 1782 833 1830 ex
849 1782 891 1834 eo
900 1785 1005 1858 pauca
1022 1789 1156 1838 memo·
1202 1790 1205 1795 ·

113 1858 176 1930 riae
195 1859 352 1932 mandavi
371 1886 381 1947 3
407 1886 484 1933 nam
502 1884 613 1959 quum
631 1857 865 1956 praedixiffet,
889 1854 1002 1952 neque
1020 1866 1155 1948 Culum,

116 1959 315 2051 Triticumue
332 2014 341 2042 ‚
366 1981 478 2057 neque
500 1965 667 2029 Harenam
684 1954 915 2044 multitudinis
932 1956 1156 2055 fignificatio-

116 2078 195 2126 nem
215 2055 303 2150 pati:
331 2060 487 2146 Numt'u,
511 2054 644 2155 inquit,
668 2053 775 2125 harum
790 2079 892 2124 rerum
904 2078 1018 2124 natura
1032 2058 1156 2126 accide-

117 2180 153 2221 re
173 2151 356 2240 arbitraris,
380 2153 460 2245 quod
476 2180 572 2222 unam
587 2154 746 2235 Terram,
771 2168 819 2224 (φ
830 2154 933 2249 plures
947 2153 1082 2237 Terras,
1107 2171 1155 2226 mr

119 2251 262 2336 Urbem,
288 2248 483 2340 artabu,
502 2265 555 2322 (γ’
569 2255 754 2345 Imperium,
781 2263 829 2319 (ff
845 2254 978 2346 Imperia
996 2247 1156 2342 dicamus,

118 2375 211 2442 neque
226 2346 422 2447 Quadrigas
431 2353 472 2416 r‘n
486 2373 577 2417 unam
591 2347 868 2443 nominisftguram
885 2346 1038 2447 redigere,
1062 2366 1156 2445 neque‘

119 2443 294 2538 Harenam
303 2450 337 2512 iu
346 2445 562 2515 multitudinis
576 2446 807 2542 appellationem
815 2469 992 2516 convertere
999 2443 1155 2542 pnffimur?

120 2548 177 2612 Ex
193 2541 237 2612 A.
261 2541 370 2614 Gellii
387 2541 445 2618 lib.
460 2551 548 2616 xix.
564 2565 626 2639 cap.
643 2565 685 2615 vt
698 2565 709 2613 t
722 2564 754 2615 1.

168 2704 191 2751 'l
217 2703 335 2802 Atque
351 2701 384 2774 id
402 2704 498 2802 quod
514 2702 534 2779 d
548 2702 594 2777 C.
610 2703 744 2776 Caesare
761 2703 961 2778 excellentis
976 2692 1108 2798 ingenii
1120 2729 1159 2777 ac
1195 2719 1196 2722 ’

120 2800 316 2901 prudentiae
342 2807 401 2888 (ita
415 2803 615 2880 moeliens
640 2800 827 2892 Macrobius
840 2801 1087 2899 providentiae)
1106 2804 1159 2874 vi·

119 2924 161 2973 ro
177 2900 213 2973 in
231 2901 345 2998 primo
359 2898 405 2971 de
416 2897 586 2998 Analogia
596 2898 686 2971 libro
702 2898 868 2998 seriptum
884 2897 953 2986 est,
978 2897 1063 2972 habe
1073 2896 1161 2999 semq

121 3023 184 3096 pet
201 2999 236 3072 in
253 2994 420 3071 memoria
435 3017 537 3094 atque
551 2997 586 3069 in
603 2995 763 3095 pedore,
786 3020 819 3067 ut
835 2998 978 3093 tanquam
987 2997 1159 3091 scopulum,

115 3099 162 3191 fic
170 3099 278 3195 fugias
292 3094 464 3168 inauditum
482 3115 570 3190 atque
585 3097 715 3184 insolens
735 3092 880 3174 verbum,
910 3100 967 3164 Ex
984 3095 1037 3166 As
1049 3091 1161 3177 Gellii
1265 3132 1271 3176 t

121 3191 353 3296 lil.1.cap.·x.
371 3207 420 3270 (γ
436 3188 601 3264 Macrobii
617 3189 671 3265 lib.
692 3215 723 3304 ι..
740 3181 895 3263 Saturnal.
911 3216 975 3290 cap.
990 3216 1024 3266 v.
1125 3252 1129 3260 .

1102 3333 1273 3426 Ex..

158 3499 246 3555 *Huc
263 3498 361 3568 respicit
380 3503 447 3563 Joan.
469 3502 628 3563 Sarisberienfis
659 3499 789 3567 scopulum
797 3495 960 3564 rugiorum
968 3497 1119 3567 fugiendum
1128 3503 1165 3554 est

125 3569 255 3634 Metalog.
267 3565 312 3619 lib.
324 3585 346 3622 ι,
358 3583 412 3634 cap.
424 3585 465 3619 xv.
476 3586 502 3639 p.
512 3568 568 3630 766.
586 3577 628 3619 Ca·
660 3566 772 3618 insolens
789 3577 864 3630 atque
886 3564 1033 3633 infrequens
1050 3568 1166 3622 verbum.

121 3638 181 3696 sar,
206 3636 241 3683 ait
259 3634 329 3690 ille,
355 3637 378 3681 in
400 3637 452 3682 libro
470 3640 497 3684 de
513 3640 628 3700 ,Analogia
661 3634 711 3686 Ubi
728 3637 752 3685 le
772 3631 865 3682 endum
874 3637 896 3680 is
905 3635 957 3682 libre
965 3634 1049 3698 primo
1058 3637 1083 3681 dt
1093 3641 1166 3684 ΛΜ·

124 3705 290 3750 Grammaticus
307 3701 393 3764 quidem
414 3701 443 3761 est
459 3705 485 3758 dr
501 3707 628 3769 evitandum
663 3708 734 3768 logis,
752 3651 814 3752 idos
823 3697 892 3749 enim
904 3697 935 3748 de
943 3701 1076 3768 Analogia
1084 3699 1167 3759 librat

124 3771 166 3831 effa
183 3765 311 3822 denunciat,
335 3768 436 3832 quicquid
450 3769 545 3819 auditori
560 3774 627 3834 perus
661 3768 742 3831 edidit
757 3761 850 3825 exsili
884 3769 981 3820 Daritis
1060 3825 1063 3830 ,
1151 3784 1174 3791 ·’

119 3833 380 3910 prtulefftuldtrtlttnp
395 3843 526 3909 perure,
541 3839 627 3907 iuquit,
848 3834 852 3839 '
885 3831 889 3838 '
