2616 4462
136 296 137 300 ‘
229 275 305 378 484
444 272 490 350 C.
511 274 542 371 J.
565 270 790 348 Cresnms
823 270 1078 348 Couuuur.

227 418 355 495 magna
377 394 503 468 auxilia
517 395 676 495 equitum
695 396 921 494 peditumque
936 393 979 466 ab
997 416 1080 493 rege
1097 389 1192 470 misse
1207 395 1265 473 U·

222 496 328 576 ticam
347 495 462 567 venire
482 551 494 584 ‚
516 494 709 591 eodemque
728 513 884 590 tempore
900 491 953 565 vis
969 515 1092 590 magna
1108 493 1281 589 pulveris·

225 591 450 673 cer'nebatur3
475 593 511 665 &
524 590 543 662 ὲ
556 589 700 688 vestigio
716 591 880 687 temporis
890 590 1040 688 primum
1056 611 1179 688 agmen
1190 613 1265 667 erat

180 716 200 799 3
227 687 262 760 in
281 687 477 786 conspicilu.
502 688 673 761 Novitate
697 689 744 761 rei
759 687 872 761 Curio
889 706 1066 783 permotus
1081 690 1264 785 praemittit

225 787 379 882 equites,
403 786 464 884 qui
478 787 628 880 primum
648 788 816 883 impetum
838 785 1050 874 sustineant,
1073 807 1264 860 acmoren·
1296 804 1299 809 '

225 902 294 957 tur.
320 884 387 980 ipse
400 884 552 956 celeriter
569 884 611 955 ab
622 908 726 980 opere
743 883 898 957 deduelis
914 882 1131 981 legionibus,
1151 884 1260 959 aciem

175 1008 202 1088 4
225 979 375 1056 instruit.
390 981 535 1078 Equites
550 981 775 1054 committunt
785 980 948 1078 proelium
961 1004 969 1050 :
983 980 1020 1052 &
1030 980 1143 1075 prius,
1156 1005 1260 1080 quam

225 1078 324 1173 plane
338 1078 491 1176 legiones
507 1078 668 1176 explicari
688 1080 725 1152 &
745 1077 927 1151 consrstere
938 1075 1093 1174 pollent,
1119 1097 1261 1152 totaru-

224 1176 305 1247 xilia
324 1180 413 1275 regis
434 1176 617 1273 impedita,
641 1199 679 1248 ac
692 1174 915 1273 perturbata,
939 1173 1034 1272 quod
1051 1172 1152 1248 nullo
1170 1176 1265 1249 ordi·

225 1294 270 1344 ne
286 1330 297 1363 ‚
320 1274 357 1347 &
374 1274 447 1345 srne'
465 1275 589 1346 timore
607 1273 672 1348 iter
689 1272 856 1357 fecerant,
882 1272 917 1344 in
933 1271 1052 1369 fugam
1069 1269 1104 1345 se
1120 1272 1262 1372 conjici-

161 1396 164 1400 *
225 1390 311 1443 unt:
328 1371 554 1469 equitatuque
571 1371 667 1444 omni
679 1369 750 1467 fere
760 1370 927 1443 incolumi
938 1426 949 1461 ‚
961 1405 963 1409 ,
974 1367 1070 1465 quod
1084 1366 1117 1441 se
1129 1394 1191 1466 per
1205 1370 1262 1444 lit-

226 1486 303 1540 tora
319 1470 473 1541 celeriter
491 1470 526 1541 in
549 1468 719 1566 oppidum
735 1467 892 1567 recepit,
917 1488 1082 1564 magnum
1100 1467 1260 1565 peditum

227 1588 412 1638 numerum
431 1565 657 1640 interficiunt.
1085 1584 1089 1591 '

180 1687 196 1736 1
275 1663 435 1737 XXVll.
459 1661 736 1737 Proximanoue
744 1661 961 1736 centuriones
978 1660 1084 1736 Matfi
1100 1685 1194 1735 nex
1202 1687 1261 1737 ca.

224 1755 299 1833 stris
315 1760 482 1834 Curionis
495 1785 575 1834 cum
585 1755 853 1860 manipularibus
870 1759 1041 1833 luisxxrr
1061 1760 1101 1833 ad
1121 1760 1261 1834 Attium

175 1879 201 1928 2
226 1857 359 1931 Varum
376 1857 589 1957 perfugiunt.
612 1857 664 1949 Ii,
687 1859 851 1943 seuvere,
876 1882 978 1956 quam
995 1856 1206 1948 habuerant,
1220 1885 1260 1931 o-

222 1954 401 2050 pinionem
418 1957 620 2055 perferunt,
644 1956 823 2029 fiveetiam
839 1954 1070 2031 auribusVari
1086 1954 1258 2045 serviunt;

163 2075 166 2081 ’
224 2055 318 2140 (nam
338 2079 417 2151 quae
435 2055 627 2141 volumus,
651 2055 688 2127 &
704 2053 874 2126 credimus
895 2052 1043 2128 libenter
1063 2077 1074 2140 3
1096 2053 1152 2137 &‚
1178 2077 1260 2150 quae

221 2147 484 2249 sentimusipsr,
510 2150 661 2249 reliquos
684 2150 806 2224 sentire
831 2150 1024 2246 speramus)
1050 2148 1262 2225 confirmant

223 2247 364 2343 quidem
383 2270 475 2324 certe
490 2248 597 2323 totius
607 2247 776 2321 exercitus
790 2248 920 2320 animos
930 2246 1059 2321 alienos
1076 2245 1141 2321 ess'e
1157 2244 1261 2321 &Cu-

172 2359 197 2442 3
225 2344 340 2419 rione:
368 2347 516 2419 maxime
531 2371 618 2441 opus
633 2346 743 2418 ellein
760 2343 982 2444 conspe&um
998 2344 1190 2419 exercitum
1202 2370 1260 2418 ve·

124 2492 133 2505 .
173 2462 201 2538 4
223 2441 323 2532 nire,
347 2445 384 2517 &
407 2443 633 2543 colloquendi
649 2442 727 2515 dare
745 2441 970 2519 facultatem«
993 2442 1074 2535 Qra
1091 2441 1258 2538 opinione

220 2540 390 2613 adduuus
405 2542 519 2628 Varus
535 2539 671 2636 postero
687 2541 742 2614 die
760 2565 858 2614 mane
873 2540 1024 2640 legiones
1034 2563 1078 2611 ex
1098 2538 1212 2613 castris
1223 2567 1259 2615 e·

221 2638 332 2726 ducit.
361 2639 458 2711 Facit
475 2640 564 2714 idem
579 2638 714 2711 Curio:
740 2660 842 2736 atque
860 2662 927 2710 una
942 2637 1030 2711 valle
1047 2661 1120 2712 non
1134 2661 1260 2738 magua

222 2735 421 2829 interirem,
445 2736 517 2808 suas
532 2757 679 2833 uterque
697 2735 809 2834 copias
821 2735 968 2809 instruit.

172 2835 194 2901 ἰ
270 2833 452 2908 XXVIII.
467 2829 1261 2928 EratinexercituVariSextQuinstiliu'sVa·

219 2950 298 3018 rus,
316 2955 419 3025 quem
436 2931 533 3003 luille
544 2930 695 3003 Corfinii
708 2930 806 3026 supra
815 2930 1089 3026 demonstratum
1097 2928 1154 3004 est.
1180 2929 1259 3004 Hic

219 3026 410 3104 dimiffusrl
433 3028 568 3102 Caesare
586 3027 621 3100 in
641 3025 793 3103 Africam
808 3047 976 3106 venerate
1003 3047 1014 3081 1
1034 3027 1263 3141 legionesque·

923 3146 929 3158 ·
1205 3152 1243 3201 ea

252 3240 277 3276 1.
302 3226 443 3291 Legionefque
457 3246 493 3276 eas
509 3228 661 3288 transduxerat
678 3234 721 3275 cu·
755 3221 926 3276 Corfinienses
943 3225 971 3277 in
980 3225 1096 3276 Africam
1112 3221 1128 3272 ὶ
1144 3153 1260 3278 eutimii

216 3294 267 3352 rio]
294 3296 351 3340 Vox
371 3297 466 3342 curionis
482 3296 510 3343 in
525 3296 577 3344 Pal,
596 3295 622 3344 &
639 3298 718 3358 Bong.
753 3287 908 3342 transdueas
923 3289 1011 3342 fuisse:
1026 3292 1136 3355 indeque
1143 3290 1258 3344 occafio·

129 3403 132 3411 ,
217 3374 272 3408 non
288 3357 494 3422 reperientem
509 3357 720 3425 suisquoqueco·
754 3373 814 3408 nem
832 3358 971 3422 Qrinelllio
987 3373 1029 3408 sas
1043 3354 1201 3422 appellandi.
1222 3363 1260 3409 0-

217 3422 315 3473 dicibus
330 3423 431 3476 abfuisse
440 3426 542 3476 testatur
552 3427 719 3481 Ciacconius,
754 3425 825 3474 mnia
835 3426 912 3474 'clara
928 3436 1000 3474 erunt
1015 3458 1024 3482 ,
1039 3422 1258 3489 fiinterpungas,

216 3491 284 3539 unde
301 3492 420 3542 mendum
435 3489 483 3544 ess‘e
501 3492 549 3542 hoc
565 3495 623 3540 loco
639 3503 718 3556 putat.
753 3496 776 3537 in
792 3492 903 3552 „Africam
919 3504 1034 3539 uenerat:
1057 3491 1190 3553 legionesque
1206 3508 1256 3550 eas,

96 3602 99 3609 .
215 3557 264 3606 Sed
282 3557 377 3608 cunstat
396 3557 496 3616 sensus,
510 3557 605 3608 streete
613 3572 718 3621 perpen-
752 3559 801 3607 &e
818 3559 1036 3607 Petavianusveto
1050 3553 1131 3606 codex
1145 3555 1257 3605 manife-

166 3663 172 3686 ,
216 3621 271 3670 dar.
290 3625 333 3672 Ait
344 3624 425 3675 Cesar
439 3631 467 3676 in
485 3624 568 3674 castris
583 3622 648 3671 Attii
657 3624 716 3671 Vari
750 3622 785 3672 ste
799 3637 947 3690 corruptust
963 3624 1056 3689 quippe
1067 3623 1095 3671 in
1110 3636 1141 3670 eo
1155 3617 1207 3669 est:
1225 3625 1257 3670 le·

213 3686 286 3737 soille
295 3693 459 3756 Qinstilium
469 3699 571 3744 varum,
580 3701 656 3751 quem
665 3685 716 3751 lpse
745 3691 859 3754 grauesque
868 3709 902 3742 eas
910 3690 1056 3752 traduxerat,
1066 3689 1202 3757 quarraria.
1220 3692 1257 3756 1>⁴

213 3754 322 3807 Corfinii
338 3756 476 3808 dimiserat.
495 3760 567 3804 Hunc
586 3755 715 3802 varumin
740 3753 856 3824 vestim,
1251 3784 1256 3791 ·

211 3820 327 3876 nfucarn
349 3824 519 3891 profertum:
554 3831 581 3872 at
599 3818 714 3901 legiones
