2616 4462
215 253 292 330 606
446 247 1078 326 A.HrrcarrContrrrrtr.

210 370 343 443 nullam
367 371 512 444 omnino
530 369 725 446 facultatem
743 368 887 445 habebat
910 396 919 442 t
943 368 1038 469 quod
1060 384 1252 465 utrumque

211 469 310 565 palus
328 467 421 566 large
440 468 593 566 praebere
608 487 751 566 poterat.

170 591 185 639 1
262 565 316 636 ll.
342 565 473 662 Neque
490 590 580 653 ¹vero
601 563 843 638 Alexandrinis
865 561 1074 660 ingerendis
1098 559 1250 660 negotiis

212 661 388 735 cunetatio
405 663 502 753 ulla,
526 684 585 734 aut
603 687 696 734 mora
720 660 929 736 inferebatur
948 683 956 730 t
983 683 1059 732 nam
1077 659 1112 732 in
1128 660 1273 741 o'mnes'

236 782 345 847 artes,
369 785 429 858 per
446 759 623 857 quasfines
639 759 825 857 AEgyptii‚
849 779 1066 855 regnumque
1083 757 1251 854 pertinet,

210 783 344 953 legatos
361 888 373 945 3
396 855 713 954 conquisitoresque
730 854 882 928 delectus
898 853 1043 927 habendi
1062 855 1170 926 caull'a
1184 853 1249 925 mi-

213 951 345 1035 serant;
376 977 610 1052 magnumque
629 954 813 1028 numerum
830 953 865 1025 in
887 952 1054 1048 oppidum
1071 952 1249 1039 telorum,

165 1074 191 1126 2
213 1069 316 1146 atque
340 1071 593 1124 tormentorum
612 1069 842 1143 convexerant
862 1074 870 1119 ι
899 1073 962 1122 nec
982 1049 1095 1121 minus
1110 1049 1146 1119 in
1162 1046 1250 1120 urbe

213 1148 372 1219 maximae
387 1172 560 1221 armorum
572 1169 668 1223 erant
683 1148 846 1222 institutae
854 1145 1000 1218 officinae
1011 1170 1019 1216 ε
1032 1145 1145 1218 servos
1161 1168 1251 1238 prae-

215 1261 306 1317 tcrea
319 1246 464 1340 puberes
478 1267 709 1335 armaverant,
725 1246 850 1341 quibus
860 1242 992 1316 domini
1007 1242 1252 1340 locupletiores

166 1360 188 1441 3
214 1339 348 1413 vidium
359 1343 621 1438 quotidianum,
644 1339 1143 1438 stipendiumquepraebebant.
1170 1338 1251 1411 Hac

98 1458 106 1471 ¹
213 1436 437 1513 multitudine
453 1438 631 1537 dispolim,
648 1438 856 1512 munitiones
877 1437 1080 1509 semotarum
1099 1436 1249 1532 partium

214 1533 429 1609 tuebantur:
455 1557 627 1609 veteranas
651 1538 811 1609 cohortes
829 1560 948 1608 vacuas
969 1536 1004 1606 in
1020 1532 1251 1608 celeberrimis

214 1632 309 1703 urbis
325 1632 408 1706 locis
425 1633 612 1722 habebant3
634 1653 694 1724 ut,
717 1656 936 1731 quacumque
956 1632 1096 1729 regione
1115 1654 1252 1731 pugna·

212 1749 329 1815 retur,
349 1730 630 1829 integrisviribus
644 1732 685 1802 ad
700 1730 865 1803 auxilium
883 1728 1061 1802 ferendum
1078 1750 1251 1826 opportu-

212 1843 268 1897 nae
283 1828 399 1900 ess'cnt.
415 1828 665 1902 Omnibusviis
677 1850 781 1926 atque
794 1827 981 1927 angiportis
996 1826 1165 1922 triplicem
1177 1825 1250 1898 val-

213 1921 288 1997 lum
299 1924 534 1999 obduxerant:
553 1945 622 1999 erat
630 1947 745 2000 autem
761 1929 926 2023 quadrato
938 1923 1133 1998 exstrueus
1149 1922 1250 2009 saxo‘a

165 2035 191 2111 4
215 2045 277 2093 nec
293 2022 405 2095 minus
419 2047 468 2095 xo
482 2024 582 2119 pedes
596 2023 782 2096 altitudinis
800 2023 960 2111 habebat3
977 2046 1124 2119 quaeque
1138 2041 1251 2118 partes

214 2118 308 2193 urbis
324 2118 498 2194 inferiores
512 2143 633 2208 erant,
657 2122 714 2191 has
730 2119 890 2194 altiffimis
907 2121 1061 2192 turribus
1078 2121 1248 2190 denorum

91 2214 93 2219 ’
165 2224 189 2299 5
214 2216 445 2290 tabulatorum
462 2217 665 2290 munierant.
692 2218 861 2293 Praeterea
886 2219 991 2299 ¹alias
1008 2216 1251 2289 ambulatorias

165 2344 167 2349 v
214 2314 359 2385 totidem
378 2315 609 2388 tabulatorum
626 2315 862 2400 confixerant3
881 2312 1108 2412 subjectisque
1124 2338 1177 2385 eas
1192 2338 1251 2385 ro·

214 2410 276 2496 tis,
300 2426 313 2460 2
331 2408 471 2484 funibus
484 2412 718 2510 jumentisque
736 2411 897 2510 objcdtis‚
922 2409 1061 2483 diredtis
1077 2409 1195 2507 plateis
1212 2410 1249 2483 in
1291 2446 1294 2451 ·

214 2524 458 2606 quamcunque
475 2530 545 2581 erat
560 2510 670 2583 visum
687 2533 818 2604 partem
834 2508 1033 2580 movebant.

169 2618 185 2666 1
260 2604 323 2677 Ill.
351 2604 445 2678 Urbs
463 2601 944 2703 fertiliffima&copioliffima
957 2604 1114 2679 omnium
1132 2630 1248 2678 rerum

748 2721 751 2729 .
1190 2729 1251 2797 ap·

249 2824 272 2860 r.
291 2814 362 2861 onia
377 2813 529 2862 ambulatoria
546 2812 635 2863 totidem
650 2812 713 2861 iata
746 2813 826 2862 tentia
851 2806 986 2863 abhorrere
1009 2814 1108 2864 videtur
1131 2813 1189 2872 Just.
1207 2815 1247 2855 Li·

215 2879 310 2924 latorum
319 2878 465 2939 confixerant]
484 2877 577 2930 Nescio
587 2895 663 2945 quem
675 2881 714 2928 lo·
744 2881 816 2942 pastus,
834 2880 877 2942 qui
887 2880 995 2931 Polione.
1014 2881 1060 2931 lib.
1079 2896 1116 2930 rr.
1128 2878 1195 2928 Dial.
1208 2888 1245 2919 rv.

215 2959 272 2991 cum
287 2942 328 2993 lric
345 2943 437 2993 habete
446 2950 539 3011 poterit
554 2962 604 2998 vox
615 2948 713 2995 ultima.
746 2961 794 3010 pro
812 2948 892 2999 ottenis
933 2958 1034 2996 :atteret
1059 2946 1122 2995 leit
1146 2941 1247 2991 obtinui

214 3009 287 3074 Lego
301 3010 451 3070 confinxerant.
477 3015 514 3062 Sic
529 3016 612 3060 Plinius
628 3018 661 3063 H.
680 3015 714 3062 N.
748 3009 840 3076 absque
866 2961 931 3062 canl
1090 3074 1095 3083 ·
1228 3070 1232 3078 ³

215 3072 261 3122 lib.
279 3091 304 3124 x.
322 3088 376 3140 cap.
396 3093 503 3128 xxxru.
519 3078 583 3128 dixit
598 3080 716 3127 nidoscon-
746 3076 828 3127 tiamsi
846 3082 955 3144 priorem
970 3075 1174 3126 emendationem
1185 3084 1250 3117 recr-

212 3139 302 3201 fingerc.
337 3145 440 3194 Davies.
748 3146 846 3209 piamus
865 3179 873 3202 ,
890 3157 945 3192 curn
962 3143 1028 3203 Cesar
1045 3136 1091 3187 lib.
1112 3152 1150 3185 11.
1170 3141 1197 3185 B.
1215 3139 1246 3186 C.

249 3221 273 3253 2.
290 3209 384 3255 funibus
396 3211 542 3276 „jumentisque
559 3212 642 3273 objedlis
658 3243 666 3266 ,
681 3210 715 3255 di-
749 3225 802 3274 cap.
823 3226 864 3259 xv.
883 3208 974 3255 dixerit
991 3205 1096 3264 adversus
1110 3206 1176 3263 plutei
1193 3204 1248 3261 obje—

215 3273 278 3317 retiis
292 3275 398 3334 plateis]
422 3280 452 3323 ln
477 3291 509 3326 eo
535 3274 591 3326 solo
615 3271 715 3325 variant
749 3272 924 3328 tlasanaest,
939 3264 1249 3327 utatbittot,le&iovul-

215 3335 300 3387 codd.
327 3337 396 3402 quod
413 3345 466 3392 MS.
490 3347 580 3393 Norvic.
598 3345 624 3392 δι
641 3340 713 3390 editt.
749 3353 817 3406 gata.
839 3341 875 3388 Sic
891 3333 990 3395 hujusce
1007 3334 1066 3384 libri
1081 3350 1136 3398 cap.
1155 3346 1248 3384 xxxvi.

214 3404 282 3469 'Ram
306 3407 354 3452 Ven.
374 3409 471 3456 Beroald.
498 3423 555 3457 cum
570 3409 628 3457 aliis
649 3421 716 3455 non·
748 3407 859 3452 Montibus
881 3418 951 3451 tamen
965 3406 1017 3449 altis
1035 3403 1061 3448 ab
1078 3403 1157 3449 dantus
1174 3404 1249 3449 lateri-

216 3469 294 3517 nullis
306 3466 544 3520 exhibeant-directis
556 3477 653 3534 plureis,
669 3486 716 3520 un·
748 3474 786 3518 bus
803 3467 918 3530 objectis.
935 3472 990 3518 Hoc
1007 3479 1073 3516 certe
1089 3464 1185 3534 prestat
1196 3470 1250 3513 Sca·

215 3533 248 3582 de
264 3539 311 3584 Pet.
333 3539 473 3593 simonius,
498 3533 587 3586 omilla
610 3553 671 3586 voce
689 3540 716 3586 δι
749 3540 843 3598 ligeram
859 3535 970 3592 rationi,
987 3548 1152 3598 provavox
1167 3535 1251 3592 objetlis

216 3613 316 3649 mutata
333 3598 510 3660 distinetione,
526 3600 638 3652 rescribit
652 3603 717 3661 fum'-
748 3613 804 3649 tota
818 3600 853 3650 est
869 3599 1035 3650 eliminanda.
1054 3600 1145 3648 'suites
1161 3598 1250 3662 procul

216 3666 256 3713 bus
264 3668 411 3731 jumentisque
426 3669 508 3720 objectis
525 3672 619 3729 plureis,
635 3680 661 3715 ut
674 3682 716 3715 ve·
750 3664 826 3716 dubio
842 3667 942 3731 aliaque
960 3666 1049 3716 omnia
1064 3666 1095 3712 iis
1110 3665 1202 3730 plateis
1211 3663 1252 3712 fa·

219 3728 250 3779 lit
269 3736 370 3799 Hirmas,
387 3735 501 3792 jumenta
510 3733 610 3793 objettu
619 3736 718 3798 pluteo·
751 3733 823 3782 cilius
840 3745 963 3799 aguntur,
980 3725 1253 3798 quaerefitaesuntffltf

218 3792 352 3849 tumftrill'e
358 3798 474 3868 prosena
481 3817 491 3862 3
507 3814 555 3855 uec
565 3797 596 3851 ab
604 3798 651 3852 hac
664 3795 719 3851 sen·
751 3813 785 3851 ne
801 3795 1018 3853 multiiflsxibut.
1051 3801 1150 3862 Davus,

924 3026 938 3059 a
954 3013 1056 3076 quidem
1086 3008 1171 3057 ontica
1189 3038 1196 3060 ‚
1222 3017 1248 3049 e.
