2616 4462
57 302 60 311 '
163 300 242 398 436
371 286 439 405 C·
462 297 494 397 J.
516 295 737 375 Cassiis
758 294 1015 373 Continui:

101 424 142 522 ξ
167 419 245 518 gius
258 406 349 506 duci.
365 421 600 514 centuriones,
618 421 844 521 tribunosque
859 423 1011 496 militum
1021 419 1130 508 adire,
1144 431 1202 501 at‘s.

167 539 236 612 que
250 517 442 611 obsecrare,
467 539 575 617 utper
588 519 907 594 eosCaesarcertior
922 519 1043 610 fieret,
1065 519 1196 594 notabo-

166 620 197 682 ri
206 616 280 707 suo,
304 640 358 686 nec
369 621 501 717 periculo
511 640 665 717 parceret:
684 641 808 717 paratos
824 621 896 709 effe,
911 611 1059 718 sesepoffe
1077 634 1195 690 &uu-

114 731 143 808 4
165 708 404 808 dereeatranfire
403 716 543 810 flumen,
569 741 626 809 qua
640 715 827 808 transdaisus
835 715 900 806 effic
910 719 1063 810 equitatus.
1087 715 1192 811 Quo·

127 810 139 877 J·
163 828 241 879 rum
251 806 364 882 studio
379 810 416 883 &
425 808 568 882 vocibus
581 809 746 883 excitatus
757 809 888 893 Caesar,
902 808 1194 887 etsrtimebattan·

163 921 209 974 tae
235 904 481 1003 magnitudinis
505 905 638 978 flumini
655 907 843 995 exercitum
857 905 1016 1004 ¹objicere
1034 965 1046 998 ,
1067 905 1192 982 conan-

113 1017 140 1096 5
163 999 248 1073 dum
264 1019 398 1091 tamen,
420 1024 522 1100 atque
540 1004 784 1100 experiendum
797 1003 936 1099 judicat.
961 1004 1082 1102 Itaque
1096 1005 1203 1078 infir-1

164 1097 288 1173 miores
305 1099 430 1171 milites
445 1123 488 1172 ex
497 1100 657 1173 omnibus
668 1101 831 1173 centuriis
844 1099 949 1268 deliffi
961 1101 1083 1197 jubet,
1104 1126 1191 1197 quo-

163 1216 310 1268 rumaut
323 1197 472 1285 animus,
486 1219 545 1270 aut
556 1196 641 1270 vires
656 1194 903 1270 videbantursu
935 1198 1027 1269 inere
1037 1223 1107 1271 non
1119 1198 1195 1297 pos·

116 1299 141 1374 6
163 1289 208 1362 se.
232 1292 294 1366 hos
310 1317 389 1366 cum
406 1294 541 1392 legione
557 1319 622 1366 una
634 1293 790 1391 praesrdio
805 1293 919 1367 castris
933 1294 1115 1392 relinquit:
1141 1322 1213 1371 re·.

163 1385 272 1484 liquas
297 1388 448 1490 legiones
468 1391 639 1489 expeditas
662 1391 807 1478 educit3
831 1413 1026 1488 magnoque
1043 1417 1195 1467 numero

158 1484 397 1582 jumentorum
417 1487 613 1561 influmine
635 1486 733 1584 sunta
753 1509 856 1584 atque
869 1487 959 1560 infra
978 1485 1193 1583 constituto,

112 1606 135 1683 7
161 1583 346 1657 transducit
356 1584 557 1677 exercitum.
583 1606 594 1639 1
615 1585 719 1658 Pauci
727 1609 770 1658 ex
787 1582 1010 1658 hismilitibus
1024 1583 1058 1654 vi
1073 1583 1196 1658 flumi-

162 1676 214 1751 nis
236 1681 365 1779 abrepti
390 1681 432 1753 ab
455 1682 609 1778 equitatu
633 1683 852 1778 excipiuntur
869 1736 880 1770 ‚
900 1705 939 1753 ac
953 1679 1190 1757 sublevantur.

162 1793 178 1826 2
196 1776 323 1851 interiit
340 1799 451 1853 tamen
467 1805 579 1854 nemo.
603 1776 996 1854 Transdudioincolumi
1012 1780 1190 1872 exercitu,

160 1873 276 1970 copias
290 1875 426 1951 instruit
442 1901 452 1963 3
476 1877 840 1975 triplicemqueaciem-
852 1874 975 1949 ducere
991 1875 1135 1974 incipit,
1151 1903 1192 1953 ac

161 1988 295 2045 tantum
310 1970 377 2046 fuit
388 1972 422 2046 in
432 1973 597 2048 militibus
610 1973 781 2062 studium,
798 1994 858 2061 ut,
875 1989 886 2030 ³
907 1972 1055 2046 millium
1069 1998 1111 2045 ur
1129 1975 1189 2047 ad-

114 2071 136 2148 8
162 2068 236 2140 dito
250 2069 421 2163 circuitu,
446 2094 637 2170 magnaque
658 2072 699 2144 ad
716 2070 842 2143 vadum
860 2069 1010 2143 fluminis
1024 2094 1117 2143 mora
1133 2070 1189 2143 in-

161 2166 341 2261 remolito,
364 2193 422 2242 eos
432 2167 542 2264 quide
557 2167 780 2267 tertiavigilia
794 2165 955 2252 exiss'enr,
979 2187 1056 2241 ante
1067 2167 1187 2244 horam

159 2262 226 2336 diei
249 2288 292 2334 rx
307 2263 603 2362 consequerentur.
927 2326 940 2335 ,

114 2386 131 2435 1
204 2357 325 2438 LXV.
348 2360 518 2459 Quosubi
528 2361 687 2438 Afranius
708 2361 865 2461 4procul
877 2361 964 2439 visos
977 2386 1055 2438 cum
1068 2364 1189 2479 Petre-

1146 2489 1188 2561 Jo

158 2583 270 2645 neceffurio
295 2583 441 2637 adverbium
457 2586 512 2638 erit.
555 2593 590 2638 12.
609 2589 660 2650 Vos·
721 2601 744 2642 3·
760 2584 860 2632 Milium
872 2601 904 2636 ·vr
923 2585 995 2634 addire
1010 2585 1118 2642 circuitu,
1134 2602 1186 2630 ma-

152 2645 207 2705 stus.
514 2671 534 2691 ,=
685 2667 771 2714 gnaque
788 2653 818 2697 ud
832 2655 916 2698 varim
925 2653 1024 2711 fluminis
1037 2669 1098 2699 mora
1115 2654 1185 2697 inrer-

192 2730 214 2763 1‚
233 2719 300 2763 Pauci
314 2734 340 2763 ea
355 2722 385 2767 hir
398 2721 502 2770 militibus
519 2722 544 2765 vi
556 2713 657 2779 fluminis
686 2717 774 2778 postca]
800 2722 856 2765 Haec
870 2718 949 2767 leffio
966 2732 1019 2765 non
1033 2712 1095 2766 esti
1113 2717 1184 2766 MSS.

158 2782 254 2844 adrepti,
271 2784 296 2829 ab
313 2788 412 2845 equitatu
419 2789 565 2848 excipiuntur]
582 2780 655 2831 Libet
686 2782 727 2830 sed
736 2780 767 2829 ab
777 2783 881 2848 ingenio
890 2783 937 2845 Jos.
947 2786 1048 2847 scaligeri
1055 2783 1183 2846 provenit.

157 2844 203 2893 hic
216 2846 353 2898 lediionem
368 2865 418 2899 vet.
433 2850 496 2900 cod.
513 2853 581 2905 mei,
597 2849 656 2896 licet
686 2853 782 2897 Omnes
798 2847 917 2898 exhibent
932 2850 1027 2896 millium
1042 2862 1076 2898 vr
1096 2848 1125 2894 ud
1141 2861 1187 2894 ner

157 2909 208 2960 hoc
224 2913 283 2961 loco
291 2914 483 2981 corruptissimi,
498 2911 656 2980 repraesenta-
685 2916 759 2962 addito
768 2916 797 2960 ad
808 2916 891 2960 vuum
897 2917 987 2962 circuitu
996 2948 1003 2971 ,
1013 2930 1129 2977 magnaque
1134 2914 1183 2971 flu·
1211 2970 1215 2974 ῃ

157 2991 202 3033 xe,
218 2975 312 3029 fisorte
325 2984 411 3046 aliquo
426 2983 480 3031 'alio
497 2980 562 3029 libro
578 2979 656 3041 adjuti
668 2970 672 3003 l
686 2998 751 3028 mom
767 2981 955 3042 moramurpofita
963 2998 971 3038 3
988 2979 1054 3029 unde
1064 2980 1123 3046 lego
1131 2982 1185 3026 mil·

157 3041 228 3092 dosii
244 3046 307 3104 viri,
323 3045 657 3115 vulgatamleslionemali·
687 3048 741 3092 lium
755 3061 783 3094 vr
803 3047 833 3092 ud
848 3049 888 3094 iter
901 3047 974 3094 addin
993 3049 1110 3101 cirmiru,
1135 3063 1185 3092 ma-

156 3122 208 3172 quo
225 3111 304 3162 modo
318 3113 443 3164 restituere
458 3109 557 3179 possint.
574 3113 612 3161 Sic
629 3127 655 3161 e·
682 3111 812 3175 gnuque‘ad
827 3112 911 3158 vudum
927 3113 1023 3166 fluminis
1041 3128 1103 3158 mora
1115 3113 1186 3159 inter·

156 3177 212 3225 nim
228 3175 330 3236 habet,
357 3179 402 3246 (ut
422 3183 447 3235 &
464 3183 517 3228 MS.
542 3177 653 3244 Narrare.)
679 3178 767 3241 postia,
783 3189 844 3224 nam
861 3176 898 3236 vir
912 3173 1022 3226 stunmus
1030 3175 1091 3224 duas
1108 3190 1187 3225 voces

156 3247 236 3291 Paucis
251 3261 278 3290 ex
293 3248 326 3291 his
341 3247 443 3293 militibus
457 3263 520 3292 arma
534 3246 654 3303 influmine
682 3239 844 3307 transpositas
853 3239 896 3290 suo
909 3244 969 3291 loco
984 3241 1080 3291 videtur
1089 3237 1185 3289 donas·
1210 3288 1213 3295 ,

154 3309 183 3354 ub
195 3314 294 3372 equitatu
302 3315 450 3374 excipiuntur,
464 3328 488 3357 uc
499 3312 651 3370 sublevantur.
680 3303 706 3355 se
716 3325 723 3364 3
739 3305 849 3373 totidem
864 3323 923 3358 vero
939 3320 1068 3373 perperam
1086 3305 1182 3358 omisit.

154 3375 316 3490 nugubii?
332 3454 403 3488 ramea
413 3443 488 3500 nemo]
506 3440 650 3491 Mediavox
679 3376 749 3501 lucz.
757 3441 835 3488 Procul
848 3441 923 3502 visos]
938 3438 1036 3488 Ultima
1043 3452 1093 3487 vox
1104 3437 1183 3490 abun·
1219 3444 1222 3450 '

152 3502 202 3555 lruc
217 3524 270 3557 non
286 3508 403 3556 convenit
422 3525 429 3565 3
446 3504 552 3557 rescribo
567 3510 652 3572 itaque
682 3503 744 3562 dat,
761 3519 788 3554 ut
804 3511 850 3553 Pet.
871 3505 1009 3554 ciacconii&
1027 3502 1077 3564 Jof.
1089 3508 1182 3569 Scalige-

152 3575 235 3620 interiit
242 3589 314 3621 autem
322 3590 390 3624 nemo.
408 3578 448 3622 Fr.
461 3576 654 3623 Hotomanausle·
683 3589 707 3619 ro
725 3569 892 3623 observatum.
909 3567 1030 3622 Rescribo
1036 3567 1180 3634 proculr'p'sos.

152 3638 192 3701 git
208 3642 289 3687 interiit
305 3654 426 3687 tamennon
440 3657 519 3686 nemo:
535 3635 578 3688 sed
588 3640 652 3691 hanc
684 3638 783 3696 Justinus
799 3635 844 3687 lib·
866 3654 889 3688 1.
905 3653 960 3704 cup.
978 3652 1020 3685 lx·
1045 3636 1140 3702 Qubus
1157 3655 1184 3684 ne

142 3705 322 3764 'comesturam
331 3705 434 3766 rejicio,
451 3706 511 3770 quia
527 3705 557 3753 de
567 3720 654 3756 nume-
683 3702 742 3767 ipfis
760 3706 846 3768 qudem
863 3703 1091 3762 animun-defuis.
1117 3701 1183 3751 Vide

150 3783 181 3818 ro
198 3783 353 3823 mortuorum
373 3770 439 3823 haud
462 3773 500 3827 ita
515 3773 652 3839 loquuntur
683 3771 710 3820 ὃ(
724 3772 862 3817 bisantium
880 3768 1185 3844 D1v·lustqlib.v,cap-

149 3833 275 3893 liistouci.
310 3841 405 3908 Durius.
682 3852 712 3902 rr.
729 3848 793 3890 extr.
826 3839 923 3906 Durius,
